1836 3175
179 211 209 255 8

178 339 443 382 universum
463 343 639 392 tempus
669 335 927 378 nominatur
956 334 1083 389 prius
1113 333 1176 384 (τὸ
1207 333 1308 387 πρίν)
1336 332 1383 375 id
1407 337 1479 376 est
1506 346 1632 388 prae-

180 408 378 456 teritum,
424 404 582 449 deinde
625 417 779 460 pacem
824 408 933 446 tunc
976 402 1115 446 fuisse
1155 405 1527 446 commemoratur
1555 399 1633 453 (ἐπ’

180 476 359 531 εἰρήνης),
390 480 614 531 postremo
642 471 808 515 arctior
827 471 1041 527 temporis
1064 471 1303 527 descriptio
1333 469 1513 514 additur
1531 461 1655 525 (nacha⁷

179 545 306 585 ἐλθεῖν
344 544 429 587 υἷας
456 541 645 598 Ἀχαιῶν).
716 541 840 584 Haec
869 541 1005 584 tertia
1030 540 1246 597 temporis
1277 533 1639 595 circumscriptio,

178 615 369 671 primam
408 626 562 655 rursus
601 611 771 668 excipit
814 618 946 667 atque
983 610 1237 655 accuratius
1268 609 1447 654 definitt
1492 609 1631 666 ‚prius

177 684 297 726 enim
327 697 457 738 quam
487 681 575 725 fuit
596 681 872 725 Graecorum
902 680 1153 725 adventus‘.
1213 680 1352 724 Nullo
1372 685 1502 737 pacto
1531 679 1632 723 fieri

177 753 337 809 potuit,
369 757 420 795 ut
449 750 563 795 illud
592 751 675 807 πρίν
704 755 809 794 ante
838 750 1120 795 infinitivum
1150 751 1448 803 omitteretur,
1479 764 1632 807 quam-

177 836 308 877 quam
346 820 497 864 eadem
534 835 627 864 vox
657 820 791 876 paulo
825 826 929 864 ante
960 821 1180 864 exstabat.
1241 820 1492 864 Oorrelatio
1522 836 1631 865 vero

177 892 261 934 hoc
309 891 406 933 loco
456 890 573 933 nihil
622 889 678 933 ad
727 904 822 933 rem
867 889 988 934 faci-t.
1063 889 1180 933 Nam
1223 890 1308 933 hac
1354 890 1475 933 inter
1523 889 1632 934 duas

177 960 421 1003 sententias
452 964 622 1003 statuta
650 958 861 1015 periodus
892 959 1107 1015 quaedam
1137 960 1305 1003 existat
1334 973 1513 1003 necesse
1543 965 1632 1013 est3

177 1030 250 1073 hic
288 1036 437 1073 autem
475 1042 558 1072 nec
593 1029 777 1084 πρότασιν
806 1042 889 1072 nec
920 1027 1087 1069 ἐπίδοσιν
1117 1028 1345 1081 habemus,
1386 1028 1463 1073 sed
1492 1043 1632 1072 unum

108 1138 109 1141 ,
176 1099 460 1143 enuntiatum
496 1099 775 1155 primarium,
816 1098 888 1142 cui
924 1098 1182 1143 infinitivus
1223 1113 1249 1142 a
1284 1099 1507 1156 particula
1549 1100 1632 1155 πρίν

176 1169 374 1227 pendens
418 1183 556 1225 aeque
601 1184 652 1213 ac
696 1170 904 1213 notiones
948 1170 1227 1215 adverbiales
1270 1170 1315 1210 τὸ
1360 1171 1443 1225 πρίν
1488 1175 1533 1213 et
1573 1167 1634 1210 ἐπ’

177 1239 328 1295 εἰρήνης
354 1239 552 1283 insertus
583 1243 665 1282 est.
729 1237 831 1293 Quo
861 1239 1002 1297 magis
1034 1246 1183 1284 autem
1213 1240 1284 1284 vis
1317 1238 1519 1284 adverbii
1549 1240 1632 1295 πρίν

177 1309 389 1365 primaria
427 1309 613 1352 evanuit
650 1313 783 1364 atque
821 1309 870 1351 in
908 1315 1116 1353 naturam
1148 1310 1476 1353 coniunctionis
1507 1310 1631 1362 abiit,

177 1393 227 1421 eo
273 1378 449 1434 saepius
494 1377 610 1421 illud
658 1377 925 1421 antecedens
970 1379 1232 1422 adverbium
1279 1379 1494 1422 omissum
1545 1386 1640 1438 est3'

176 1454 402 1504 postremo
423 1448 513 1490 nisi
533 1447 823 1491 antecedente
843 1449 1095 1504 negatione,
1121 1449 1193 1491 cui
1213 1449 1341 1504 quasi
1361 1448 1631 1492 adminiculo

177 1524 257 1569 est,
297 1518 390 1560 fere
429 1532 520 1559 non
560 1517 807 1561 invenitur.
876 1517 1110 1560 Nonnulla
1147 1518 1364 1561 accedunt
1407 1517 1463 1560 ad
1502 1532 1633 1574 argu-

176 1588 496 1632 mentationem
528 1592 729 1631 nostram
751 1586 1134 1632 corroborandam.
1186 1588 1241 1630 In
1270 1587 1412 1631 Iliade
1433 1587 1631 1644 exceptis

176 1657 348 1710 duobus
387 1657 512 1709 locis,
551 1656 628 1700 ubi
660 1656 705 1697 οὐ
745 1657 871 1711 πάρος
903 1657 987 1711 πρίν
1018 1657 1071 1708 (Ε
1099 1654 1204 1711 218)
1244 1664 1290 1699 et
1330 1656 1632 1712 πρίν-τόφρα

175 1726 232 1779 (Φ
264 1725 364 1777 100)
394 1726 575 1783 legitur,
612 1725 728 1769 idem
762 1740 937 1783 semper
975 1725 1239 1771 adverbium
1268 1728 1351 1783 πρίν
1388 1725 1612 1770 antecedit
1620 1742 1631 1780 ;

177 1796 374 1840 crebrius
405 1796 495 1838 iam
524 1796 571 1838 in
604 1794 809 1852 Odyssea
837 1796 925 1839 alia
955 1796 1088 1840 obvia
1129 1803 1235 1841 sunt
1270 1796 1482 1841 adverbia
1511 1797 1636 1852 πάρος

176 1866 223 1918 (β
257 1865 335 1908 127
368 1871 414 1908 et
445 1879 473 1905 σ
499 1864 603 1916 288)
634 1865 808 1920 πρόσθεν
838 1865 886 1920 (φ
920 1864 1038 1919 138);
1069 1866 1118 1909 in
1149 1868 1281 1922 νεκυίᾳ
1311 1881 1418 1910 vero
1439 1866 1528 1909 iam
1550 1867 1632 1921 πρίν

176 1936 231 1979 ad
306 1936 580 1980 adiectivum
654 1935 851 1990 πρότερος
924 1936 1208 1980 referendum
1274 1943 1343 1979 est
1410 1938 1448 1988 (λ
1495 1934 1584 1987 88).
1605 1935 1633 1987 ¹)

176 2006 417 2050 Praeterea
442 2006 703 2050 infinitivus
733 2011 858 2062 post
888 2006 1170 2049 enuntiatum
1191 2006 1454 2062 primarium
1484 2006 1633 2049 locum

176 2075 339 2119 habere
370 2076 486 2120 solet
515 2081 703 2132 excepto
734 2090 825 2118 uno
855 2075 1012 2119 Iliadis
1042 2076 1140 2119 loco
1171 2075 1228 2127 (Φ
1251 2075 1361 2126 100).
1423 2076 1495 2119 Ea
1523 2090 1632 2120 vero

176 2159 223 2187 re
251 2151 453 2188 nostram
484 2146 738 2202 opinionem
762 2144 969 2188 omnibus
989 2144 1215 2201 prioribus
1241 2144 1386 2187 multo
1406 2150 1633 2201 praestare

176 2221 397 2269 putamus,
444 2215 562 2270 quod
600 2215 842 2259 discrimen
885 2215 1005 2258 inter
1050 2215 1295 2258 sententias
1339 2214 1633 2258 affirmativas

176 2289 221 2327 et
264 2285 497 2342 negativas
545 2284 842 2329 constitutum
886 2283 1004 2328 nihil
1048 2284 1097 2328 in
1136 2298 1233 2328 eam
1276 2283 1405 2328 cadit.
1475 2284 1633 2340 Itaque

176 2369 282 2398 usus
331 2355 409 2399 ille
459 2355 729 2398 Homericus
779 2355 1060 2399 infinitivum
1110 2356 1247 2399 etiam
1296 2355 1345 2397 in
1395 2355 1632 2399 sententiis

176 2425 396 2482 negativis
427 2423 669 2469 adhibendi
698 2424 826 2469 nulla
854 2424 983 2468 nobis
1013 2425 1193 2483 negotia
1222 2424 1413 2469 facessit.

176 2539 203 2597 ξ
233 2540 272 2583 2.
323 2542 627 2586 Infinitivi
657 2557 684 2585 a
712 2543 820 2597 πρίν
850 2524 1135 2598 particula
1163 2542 1467 2598 pendentis
1497 2555 1632 2597 quae

774 2613 848 2655 sit
877 2613 1036 2656 ratio,

293 2691 382 2736 Sed
422 2693 655 2736 mittamus
692 2693 845 2749 plures
883 2693 938 2736 de
977 2694 1148 2751 origine
1179 2709 1229 2737 ac
1268 2694 1458 2738 historia
1493 2695 1633 2751 parti·

174 2762 301 2807 culae
332 2764 413 2817 πρίν
444 2764 748 2820 expositiones
780 2770 826 2807 et
855 2764 1202 2821 disputationem
1242 2765 1292 2808 in
1329 2766 1633 2822 angustiorem

291 2854 319 2900 ¹)
344 2854 490 2901 Delego
516 2854 567 2891 ad
590 2855 822 2901 Richterum,
846 2855 868 2891 l.
893 2855 916 2891 1.
941 2865 1030 2901 pag.
1055 2856 1111 2901 36,
1135 2856 1191 2892 37.
