1836 3175
172 238 230 282 30

173 366 398 422 exprimat
453 368 731 423 maximeque
780 381 806 409 a
856 372 977 409 certa
1034 366 1248 422 temporis
1299 365 1625 421 significatione

173 436 424 481 abhorreat.
483 437 605 493 Ergo
637 436 691 479 ad
711 441 917 479 naturam
937 435 1181 492 particulae
1203 435 1325 478 hunc
1345 435 1627 480 infinitivum

173 507 456 561 aptissimum
499 519 595 562 esse
634 506 857 548 existimo.
920 504 1204 561 Simulatque
1241 511 1391 548 autem
1427 510 1626 560 potestas

173 576 257 630 rgoc'v
294 575 536 631 particulae
575 574 754 629 propria
791 574 837 616 in
870 574 1024 631 lingua
1060 575 1246 619 evanuit
1282 580 1414 631 atque
1444 574 1494 617 in
1523 589 1627 618 con-

172 644 414 687 iunctionis
451 645 546 687 vim
586 643 709 693 abiit,
749 643 941 686 aliorum
978 650 1232 699 temporum
1268 645 1488 687 infinitivi
1516 644 1627 686 irre-

170 714 335 769 pebant
371 719 502 769 atque
538 711 800 769 gliscebant.
864 712 997 768 Apud
1028 712 1339 770 Thucydidem
1377 713 1626 770 praesentis

170 783 388 825 infinitivi
425 796 531 825 usus
568 782 806 825 admodum
847 797 1008 838 parcus
1047 790 1128 835 est,
1167 784 1356 840 perfecti
1395 785 1626 827 infinitivo

168 853 206 894 is
228 852 359 907 plane
379 852 610 895 abstinuit.
662 850 856 895 Uberior
876 853 965 895 iam
986 853 1103 909 apud
1125 852 1476 908 Xenophontem
1501 868 1627 910 prae-

168 922 308 964 sentis
345 921 678 964 infinitivorum
715 936 841 978 seges
881 922 1094 967 effloruit.
1157 922 1436 979 Quamquam
1468 938 1627 967 caven-

168 991 272 1033 dum
309 996 391 1043 est,
429 1004 486 1034 ne
525 991 745 1034 infinitivi
785 991 888 1046 ἥκειν
921 991 1050 1047 (Ἕλλ.
1080 992 1116 1044 Ι,
1149 991 1189 1045 4,
1225 991 1297 1041 10)
1329 997 1374 1035 et
1404 991 1500 1032 εἶναι
1532 991 1626 1043 (Ἀν.

168 1061 249 1112 IV,
296 1060 337 1112 6,
383 1059 458 1113 24;
505 1061 561 1112 V,
595 1060 634 1113 6,
680 1059 757 1114 33,
804 1062 886 1113 VI,
927 1064 966 1112 5,
1019 1063 1060 1114 13
1107 1062 1201 1116 Καρ.
1246 1062 1347 1102 παιὸ.
1389 1062 1471 1113 VI,
1503 1060 1543 1113 3,
1578 1062 1626 1115 7;

168 1129 299 1183 VIII,
332 1128 373 1182 8,
405 1128 480 1184 25;
509 1128 612 1170 Ἕλλ.
642 1131 699 1184 V,
731 1130 771 1184 4,
804 1129 881 1185 37;
909 1129 1091 1188 ςΙππαρχ.
1121 1131 1162 1183 4,
1196 1131 1220 1174 7
1254 1131 1308 1175 cf.
1341 1131 1629 1188 Thucydidea

166 1201 248 1252 IV,
300 1200 339 1252 2,
395 1201 412 1243 1
468 1206 514 1244 et
570 1201 662 1252 125,
714 1200 763 1253 3)
810 1203 1061 1257 praesentis
1107 1202 1350 1245 infinitivis
1397 1201 1625 1245 addamus.

167 1272 384 1315 Attamen
421 1277 492 1315 ter
532 1277 578 1316 et
615 1272 754 1316 vicies
794 1271 989 1316 occurrit
1018 1286 1169 1315 merus
1199 1270 1447 1328 praesentis
1477 1270 1628 1315 infini-

167 1340 306 1391 tivus3
330 1341 456 1382 cuius
476 1341 621 1395 qualis
639 1342 700 1382 sit
721 1341 836 1383 ratio
857 1341 1107 1382 accuratius
1124 1341 1465 1395 investigemus.
1487 1340 1628 1384 Recte

166 1409 254 1452 iam
297 1408 412 1454 God.
451 1409 741 1454 Hermannus
761 1414 791 1462 ⁸)
824 1410 942 1454 dixit
984 1409 1165 1463 ‚aoristo
1203 1409 1524 1465 perfectionem
1562 1407 1628 1451 rei

166 1478 366 1530 indicari,
408 1486 643 1535 praesente
684 1481 879 1523 initium.
943 1479 1020 1523 Sic
1060 1480 1142 1533 πρὶν
1182 1478 1448 1534 ἐμπρησθῆναι
1483 1479 1628 1534 prius-

166 1563 298 1604 quam
329 1549 561 1602 exarserit,
608 1550 691 1605 πρὶν
721 1549 1013 1605 ἐμπιμπρασθαι
1040 1548 1301 1605 priusquam
1337 1547 1627 1592 incendatur‘.

167 1617 316 1670 Quare
346 1619 568 1674 imprimis
600 1620 717 1675 apud
748 1619 1099 1674 Xenophontem
1137 1618 1366 1660 adhibitus
1402 1624 1472 1660 est
1502 1632 1628 1672 prae-

166 1688 305 1730 sentis
335 1688 607 1740 infinitivus,
640 1689 679 1731 si
709 1689 825 1732 actio
857 1687 983 1731 verbi
1015 1702 1105 1730 non
1136 1701 1225 1730 uno
1255 1687 1381 1741 quasi
1412 1686 1627 1741 temporis

165 1761 390 1799 momento
403 1756 689 1809 absolvenda,
707 1756 872 1799 nedum
885 1756 1102 1807 absoluta,
1118 1755 1195 1798 sed
1211 1755 1360 1811 potius
1375 1754 1540 1797 durans
1554 1755 1628 1797 vel

165 1826 312 1868 oriens
340 1833 715 1882 repraesenta-tur.
766 1827 921 1869 Affero
940 1826 1014 1866 Ἀν.
1039 1826 1076 1877 I,
1107 1824 1149 1875 8,
1175 1825 1248 1868 19:
1281 1826 1363 1879 πρὶν
1384 1824 1432 1865 δὲ
1453 1824 1628 1878 τόξευμα

166 1894 400 1942 ἐξικνεῖσθαι
444 1894 678 1936 ἐκκλίνουσιν
723 1897 761 1935 οἱ
803 1895 1010 1950 βάρβαροι
1051 1899 1306 1949 (antequam
1352 1895 1443 1938 tela
1487 1894 1542 1938 ad
1579 1910 1627 1938 Se

165 1967 400 2022 pervenire
421 1966 609 2023 possint,
638 1966 891 2015 inclinant).
955 1964 1135 2008 Similia
1155 1964 1248 2018 Kvp.
1279 1965 1380 2004 παιδ.
1401 1964 1463 2016 ΙΙ,
1486 1963 1526 2015 4,
1550 1964 1626 2009 2ὃὶ

165 2036 251 2087 ΙΙΙ,
293 2034 333 2088 3,
375 2036 450 2090 (503
498 2037 606 2088 VII,
650 2037 685 2089 1,
725 2035 771 2089 4;
816 2034 918 2076 ‘EM
956 2035 1013 2087 V,
1054 2034 1092 2086 4,
1131 2033 1207 2087 47;
1254 2034 1308 2078 ef.
1340 2034 1630 2092 Thucydidea-

165 2105 200 2155 I,
233 2103 302 2157 39,
336 2105 381 2158 2;
416 2105 483 2158 68,
516 2105 562 2159 33
597 2106 656 2158 11,
689 2105 757 2157 67,
790 2104 839 2158 3;
873 2106 960 2157 ΙΙΙ,
993 2105 1061 2156 24,
1094 2105 1139 2158 2;
1171 2106 1227 2157 V,
1258 2105 1329 2157 84,
1363 2105 1403 2149 3.
1455 2106 1626 2149 Eodem

165 2175 294 2218 modo
326 2175 618 2231 explicandus
650 2181 719 2218 est
748 2175 1009 2218 infinitivus
1038 2176 1286 2230 praesentis
1317 2176 1364 2218 in
1390 2176 1627 2219 sententiis

165 2246 405 2298 iterativis,
429 2245 558 2289 velut
575 2245 668 2299 Κυρ.
690 2245 792 2284 παιδ.
816 2245 851 2296 I,
876 2244 915 2296 6,
937 2242 1014 2296 39;
1036 2245 1092 2296 V,
1121 2244 1156 2295 1,
1179 2243 1248 2297 12;
1271 2244 1327 2295 V,
1346 2244 1386 2296 2,
1404 2244 1455 2297 93
1473 2243 1627 2299 Ἀπομν.

166 2318 201 2367 Ι,
233 2317 272 2367 2,
303 2316 379 2369 22;
421 2314 522 2370 ‘Isp-
566 2315 607 2366 4,
649 2314 689 2357 2.
752 2314 821 2358 Of.
869 2315 989 2358 locos
1037 2314 1348 2370 Thucydideos
1388 2314 1425 2365 I,
1469 2312 1538 2367 39,
1582 2316 1627 2368 13

166 2386 246 2439 IV,
282 2386 345 2439 14,
384 2386 424 2438 1;
455 2385 512 2437 V,
546 2383 614 2436 60,
648 2383 686 2428 6.
739 2383 1087 2440 Nonnumquam
1117 2383 1237 2427 haud
1266 2384 1461 2427 multum
1482 2383 1623 2436 abest,

165 2457 271 2509 quin
310 2457 567 2498 infinitivus
612 2456 660 2497 in
702 2455 933 2497 notionem
978 2455 1235 2510 negativam
1283 2455 1527 2506 transierit,
1576 2461 1629 2497 ut

166 2533 367 2570 nostrum
399 2525 515 2569 ohne
552 2540 606 2569 zu
646 2539 746 2569 cum
776 2524 1007 2568 infinitivo
1039 2524 1329 2567 coniunctum
1351 2523 1444 2567 fere
1474 2523 1626 2580 aequi-

166 2603 303 2651 paret«.
370 2596 676 2639 Memorabilis
723 2601 792 2637 est
834 2596 959 2637 locus
1007 2595 1101 2650 Κνρ.
1148 2596 1248 2634 παιὸ.
1298 2595 1429 2647 VIII,
1469 2595 1510 2646 4,
1551 2595 1625 2637 11:

166 2664 211 2705 οὐ
232 2666 357 2720 κλῆσιν
377 2665 576 2721 ἀνέμενεν,
607 2664 704 2706 ἀλλὰ
725 2665 808 2720 πρὶν
828 2664 1035 2705 καλεῖσθαι
1055 2667 1190 2720 παρῆν,
1222 2664 1299 2708 ubi
1320 2665 1403 2720 πρὶν
1424 2663 1628 2705 καλεῖσθαι

169 2734 316 2777 verbis
375 2735 741 2778 antecedentibus
810 2735 855 2773 οὐ
914 2737 1043 2788 κλῆσιν
1104 2734 1290 2788 ἀνέμενεν
1360 2735 1626 2790 explicatur.

282 2884 309 2930 1)
335 2884 395 2919 Ad
422 2884 549 2930 Eurip.
576 2884 672 2919 Med.
699 2885 743 2919 78
768 2884 871 2929 (edit.
897 2883 1050 2928 Elmsl.).
