1836 3175
154 200 212 246 42

156 330 398 375 verborum
442 328 643 387 procedit
667 320 676 327 '⁴
684 343 833 384 aeque,
880 342 932 371 ac
970 328 1008 372 si
1048 327 1272 371 sententia
1311 341 1338 369 a
1376 329 1459 382 ’φεῦ
1503 342 1606 372 con-

154 401 385 444 iunctione
414 399 611 457 pendens
648 398 709 441 sit
746 398 1030 442 enuntiatum
1059 410 1140 452 per
1176 410 1224 438 se
1254 400 1477 440 constans.
1536 397 1605 440 Eo

155 474 303 513 autem
339 466 620 524 Thucydides
664 480 926 522 progressus
970 471 1052 516 est,
1084 470 1137 508 ut
1179 464 1294 507 illud
1339 465 1430 504 τότε
1467 479 1606 509 enun-

154 539 266 582 tiato
305 553 330 581 a
367 539 450 593 ψίν
494 536 808 579 coniunctione
847 534 1063 591 pendenti
1108 534 1197 590 ipsi
1239 534 1471 584 insereret,
1517 534 1606 586 III,

158 608 252 659 104,
275 608 319 650 7:
348 607 413 647 καὶ
441 606 489 646 τὰ
517 607 676 646 πλεῖστα
704 603 912 659 κατελύθη,
943 605 1025 659 τςοὶν
1046 603 1097 658 δὴ
1123 605 1162 643 οἱ
1184 602 1381 658 Ἀθηναῖοι
1399 603 1511 644 τότε
1541 604 1608 643 τὸν

154 677 286 730 ἀγῶνα
314 674 509 730 ἐποόγσαν.
568 673 758 717 Duobus
797 673 982 729 reliquis
1026 672 1150 725 locis,
1199 672 1276 728 qui
1324 673 1407 727 πρὶν
1451 672 1499 728 δή
1530 686 1607 716 ex-

152 745 320 795 hibent,
352 758 617 798 quamquam
648 744 835 786 voculae
866 743 957 782 τότε
987 742 1039 783 δέ
1065 757 1156 785 non
1192 743 1419 798 leguntur,
1458 748 1606 786 tamen

150 814 264 856 ratio
296 813 620 856 sententiarum
650 812 803 856 eadem
834 818 916 855 est.
980 810 1151 865 Quodsi
1169 811 1269 863 ¹111,
1300 810 1371 864 29,
1407 813 1443 863 1,
1485 817 1608 868 post-

152 897 283 938 quam
304 888 640 925 antecesserunt
663 882 822 925 verba:
855 882 947 925 τοὺς
960 880 1035 935 μὲν
1055 880 1103 921 ἐκ
1122 884 1190 936 τῆς
1208 881 1370 925 πόλεως-4
1384 880 1610 936 Ἀθηναίους

148 951 392 998 λανθάνουσι,
430 952 513 1006 πρὶν
552 951 599 1006 δὴ
637 958 683 1007 τῇ
715 951 828 1006 Δήλῳ
867 949 999 1006 ἔσχον,
1040 950 1126 993 hoc
1162 950 1293 994 modo
1325 950 1607 1007 Thucydides
1628 957 1637 961 “

150 1022 316 1078 pergit:
358 1020 639 1076 προς-μάξαντες
665 1020 725 1068 δέ,
768 1021 898 1063 facile
936 1019 1200 1062 adducimur
1236 1026 1287 1063 ut
1323 1020 1608 1063 enuntiatum

149 1092 338 1148 simplex
370 1088 491 1147 ἔσχον
522 1091 569 1146 δὴ
599 1099 645 1148 τῇ
671 1091 784 1147 Δήλῳ
816 1090 1108 1134 antecessisse
1140 1091 1384 1146 opinemur.

261 1162 358 1203 Iam
390 1175 500 1203 vero
540 1160 597 1203 ad
632 1175 706 1203 eos
744 1161 865 1203 locos
908 1160 1277 1216 contemplandos
1315 1163 1620 1212 transeamus‚'

148 1232 222 1286 qui
253 1231 479 1274 sententia
507 1230 799 1273 antecedente
829 1231 1042 1286 negativa
1061 1230 1357 1274 indicativum
1377 1229 1606 1285 praebent.

150 1300 386 1344 Sententia
425 1313 452 1341 a
480 1301 564 1354 πρίν
597 1300 911 1343 coniunctione
942 1298 1140 1355 pendens
1171 1313 1347 1356 semper
1376 1313 1470 1343 rem
1503 1313 1607 1343 vere

147 1370 310 1414 factam
350 1370 564 1421 continet,
605 1383 717 1424 quae
754 1382 845 1412 non
884 1368 1070 1412 consilio
1101 1369 1335 1425 scriptoris
1376 1383 1478 1412 cum
1508 1383 1608 1413 sen-

147 1440 289 1484 tentia
317 1439 532 1495 primaria
562 1438 824 1491 conectitur,
867 1438 944 1482 sed
981 1438 1130 1494 potius
1160 1453 1242 1495 per
1271 1453 1318 1483 se
1349 1453 1451 1482 cum
1480 1454 1528 1482 re
1558 1440 1608 1482 in

147 1509 380 1552 enuntiato
418 1509 633 1565 primario
670 1514 854 1552 narrata
892 1509 1113 1553 cohaeret.
1175 1509 1355 1552 Relatio
1394 1510 1608 1565 quaedam

147 1579 346 1630 interior,
387 1584 439 1621 ut
475 1579 541 1622 ita
581 1578 738 1631 dicam,
780 1579 1021 1623 intercedit
1050 1580 1170 1623 inter
1199 1585 1438 1635 utrumque
1468 1594 1608 1623 enun-

148 1649 320 1691 tiatum.
383 1648 482 1691 Hac
520 1648 568 1690 in
607 1661 654 1690 re
685 1647 1032 1704 discrepantiam
1068 1649 1381 1706 gravissimam
1416 1649 1608 1705 positam

146 1723 268 1774 puto,
300 1732 412 1773 quae
450 1717 572 1760 inter
601 1718 684 1772 τῳίν
720 1718 988 1773 particulam
1031 1733 1134 1761 cum
1170 1719 1400 1762 infinitivo
1430 1725 1476 1761 et
1506 1719 1607 1762 cum

146 1787 390 1830 indicativo
431 1787 716 1830 coniunctam
754 1787 992 1831 statuenda
1033 1794 1114 1832 est.
1183 1788 1449 1833 Infinitivus
1487 1789 1606 1832 enim

148 1872 238 1899 non
269 1871 448 1909 novam,
487 1871 599 1912 quae
629 1857 795 1909 evenit,
838 1858 1061 1900 actionem
1092 1859 1341 1901 sententiae
1371 1858 1607 1914 primariae

147 1927 430 1971 accedentem
461 1927 648 1979 inducit,
688 1926 767 1970 sed
798 1927 944 1971 omnis
982 1942 1063 1984 per
1103 1942 1149 1971 se
1179 1928 1415 1985 potestatis
1446 1942 1606 1985 expers

145 1999 428 2041 enuntiatum
467 1998 732 2053 primarium
769 1997 1038 2040 determinat
1068 2012 1118 2040 ac
1149 1998 1320 2041 definit.
1385 1997 1468 2041 Sin
1499 2012 1606 2041 vero

145 2067 193 2110 in
214 2067 397 2123 periodo
418 2068 502 2122 πρίν
525 2081 626 2110 cum
646 2067 892 2111 indicativo
914 2068 1202 2111 coniunctum
1222 2068 1401 2124 legitur,
1434 2076 1608 2124 semper

146 2136 231 2179 duo
272 2137 390 2180 facta
427 2137 548 2179 inter
586 2151 633 2179 se
665 2144 992 2192 comparantur,
1033 2151 1223 2192 quorum
1252 2137 1444 2180 alterum
1474 2136 1606 2179 alteri

145 2220 199 2247 ex
240 2211 404 2248 natura
440 2219 591 2248 rerum
629 2207 856 2250 successit.
901 2206 1131 2262 >Exempli
1162 2206 1307 2263 gratia
1334 2206 1516 2248 afferam
1548 2205 1604 2257 V,

151 2274 213 2325 10,
245 2274 291 2318 3:
324 2275 371 2314 οὐ
390 2275 638 2330 βουλόμενος
653 2276 762 2332 μάχῃ
794 2275 1104 2331 διαγωνίσασθαι
1134 2276 1217 2330 πρίν
1248 2276 1286 2315 οἱ
1314 2274 1405 2318 τοὺς
1429 2274 1608 2330 βοηθοὺς

146 2343 260 2397 ἥκειν.
319 2345 420 2387 Hoc
450 2344 548 2387 loco
578 2345 624 2387 id
662 2345 808 2388 solum
839 2345 1084 2388 tenendum
1115 2350 1196 2397 est,
1230 2344 1446 2388 Cleonem
1476 2349 1632 2387 ante'

145 2413 448 2457 adventum
480 2415 763 2457 sociorum
793 2415 1015 2470 proelium
1045 2416 1228 2458 omnino
1258 2429 1348 2457 non
1384 2414 1528 2457 facere
1557 2415 1605 2457 in

145 2483 291 2526 animo
336 2482 558 2528 habuisse.
635 2483 824 2527 Auxilia
877 2490 1026 2529 autem
1071 2491 1224 2529 utrum
1273 2499 1322 2527 re
1372 2498 1481 2528 vera
1530 2483 1605 2528 ad-

146 2555 353 2598 venerint
389 2568 530 2598 necne
567 2569 624 2597 ex
665 2555 735 2598 his
773 2555 924 2598 verbis
956 2570 1048 2598 non
1079 2555 1293 2610 sequitur.
1362 2554 1519 2609 Itaque
1558 2554 1605 2596 in

147 2623 352 2681 ambiguo
382 2624 665 2681 relinquitur,
696 2630 850 2669 utrum
883 2625 1104 2681 proelium
1125 2624 1431 2668 committatur
1451 2638 1602 2668 necne.

147 2694 214 2735 At
236 2695 348 2737 ratio
372 2695 503 2752 longe
526 2695 614 2738 alia
636 2701 767 2746 esset,
797 2696 836 2737 si
860 2695 1103 2751 legeretur:
1140 2695 1249 2750 μάχῃ
1270 2693 1315 2734 οὐ
1337 2694 1604 2748 διηγωνίσατο,

146 2763 229 2817 πρὶν
260 2764 297 2802 οἱ
324 2763 469 2819 βοηθοὶ
498 2763 604 2819 ἧκον.
665 2764 946 2808 Indicativus
978 2763 1210 2820 praeteriti
1240 2778 1291 2806 ea
1325 2763 1470 2806 solum
1502 2775 1604 2804 con-

147 2832 318 2875 dicione
358 2833 505 2876 locum
547 2839 684 2886 tenet,
727 2834 765 2877 si
806 2834 915 2877 socii
953 2848 1000 2877 re
1043 2848 1149 2877 vera
1186 2833 1275 2875 iam
1311 2831 1602 2874 advenerunt.
