1836 3175
1609 200 1663 244 29

212 327 442 383 proprium
480 327 686 371 habeant.
747 326 962 371 Actiones
998 325 1237 382 primariae
1267 330 1376 368 sunt
1405 325 1660 378 iterativae3

211 396 359 452 itaque
390 397 456 441 bis
486 397 737 453 imperfecti
774 395 1045 440 indicativus
1074 392 1330 448 invenitur3
1362 393 1521 437 ultimo
1553 393 1663 447 loco,

214 465 334 507 Οἶκον.
364 465 405 519 4,
437 466 506 519 24,
542 470 772 509 structura
800 466 865 509 ita
896 463 965 508 e'st
994 464 1196 517 formata,
1236 470 1289 508 ut
1318 470 1415 507 tota
1443 464 1667 506 sententia

215 535 414 579 subiecta
448 536 509 579 sit
548 535 686 578 verbo
720 533 856 589 ὄμνυμι
893 533 1058 589 (ὄμνυμ’
1090 549 1152 575 σοι
1183 535 1248 575 τὸν
1279 534 1427 589 Μίθρην
1455 533 1666 588 μηπώποτε

212 605 408 661 δειπνῆσαι
450 605 533 660 αφὶν
578 604 782 659 ἱδρῶσαι);
832 608 1031 646 attamen
1079 604 1193 646 ratio
1239 609 1390 646 manet
1434 599 1665 653 iterativa;

212 675 410 717 oratione
452 674 573 715 enim
609 677 734 715 recta
769 672 980 715 restituta
1017 672 1081 715 sic
1125 678 1372 716 vertemus:
1422 685 1666 726 numquam

212 758 319 786 vero
350 742 528 787 coenari
558 740 679 785 soleo
706 745 811 783 ante
830 739 1005 783 labores
1027 746 1241 796 peractos
1305 740 1575 785 Simillimus
1596 746 1665 783 est

211 813 333 856 locus
357 812 451 867 Kop.
471 811 574 852 παιδ.
604 811 736 865 VIII,
773 811 807 861 1,
839 807 913 852 38:
944 810 1008 850 καὶ
1028 808 1104 850 οὔτ’
1128 809 1246 854 αὐτός
1263 825 1356 851 ποτε
1387 811 1469 865 πρὶν
1500 811 1665 866 ἱδρῶσαι

210 882 360 922 δεῖπνον
392 879 526 937 ᾑρεῖτο
565 878 657 920 οὔτε
695 880 817 923 ἵπποις
850 879 1108 934 ἀγυμνάστοις
1144 883 1247 919 σῖτον
1271 878 1478 931 ἐνέβαλλε.
1509 880 1664 922 Primo

211 952 441 994 oculorum
491 950 653 993 obtutu
697 949 843 992 elucet
887 950 937 991 in
966 948 1270 992 membrorum
1314 955 1367 991 ut
1413 949 1478 991 ita
1522 949 1666 991 dicam

211 1017 530 1076 parallelismo‘
553 1019 640 1062 sibi
676 1018 943 1074 respondere
981 1018 1241 1073 ἀγυμνάστοις
1276 1023 1321 1061 et
1367 1019 1449 1073 πρὶν
1490 1018 1666 1072 ἱδρῶσαι.

213 1089 314 1144 Qua
334 1104 389 1132 ex
420 1103 468 1131 re
500 1089 701 1144 sequitur
722 1088 1000 1131 infinitivum
1031 1094 1134 1143 post
1164 1090 1246 1142 πρίν
1271 1088 1469 1143 positum
1499 1102 1666 1130 meram

211 1159 339 1203 verbi
357 1159 587 1202 notionem
607 1158 870 1215 exprimere,
903 1157 1047 1214 qualis
1067 1157 1116 1200 in
1139 1155 1415 1201 Graecorum
1444 1156 1665 1200 adiectivo

210 1229 382 1273 verbali
412 1234 457 1271 et
486 1229 534 1270 in
564 1228 832 1270 Latinorum
861 1227 1110 1283 gerundivo
1140 1228 1271 1270 inest.
1320 1226 1504 1269 Eodem
1533 1227 1665 1269 modo

211 1297 304 1352 Kvp.
348 1297 449 1337 παιδ.
494 1297 575 1349 IV,
621 1294 662 1348 3,
712 1296 763 1339 10
793 1296 908 1340 illud
937 1297 1019 1352 πρὶν
1045 1296 1188 1351 μαθεῖν
1229 1311 1367 1353 prope
1404 1295 1575 1339 accedit
1611 1296 1666 1339 ad

209 1367 438 1419 notionem
468 1366 689 1410 ἀδίδακτος.
747 1366 833 1409 His
863 1367 1004 1423 igitur
1033 1366 1143 1409 locis
1168 1365 1222 1408 de
1243 1365 1380 1409 verbo
1401 1366 1531 1408 finito
1563 1373 1666 1421 post

210 1437 293 1491 πρίν
331 1436 598 1492 particulam
627 1435 832 1492 ponendo
863 1436 1044 1478 omnino
1077 1450 1222 1478 sermo
1252 1450 1349 1478 esse
1379 1450 1472 1478 non
1502 1442 1662 1491 potest,

210 1513 342 1560 atque
357 1511 510 1549 utrum
527 1507 703 1562 negatio
724 1506 957 1549 antecedat
977 1520 1129 1557 necne,
1152 1520 1209 1548 ne
1229 1505 1467 1549 minimum
1486 1504 1664 1561 quidem

210 1575 345 1618 valet.
395 1575 494 1618 Hac
523 1575 839 1631 Xenophontis
861 1575 1055 1619 dictione
1084 1580 1317 1631 perspecta
1347 1575 1400 1618 de
1430 1589 1519 1618 uno
1542 1577 1663 1618 Ana-

209 1643 363 1686 baseos
401 1644 498 1686 loco
537 1644 619 1695 IV,
659 1646 697 1697 5,
738 1644 794 1687 30
829 1644 1071 1698 (οὐδαμόθεν
1101 1640 1278 1697 ’ἀφίεσαν
1318 1645 1401 1698 πρὶν
1432 1644 1664 1699 παραθεῖναι

209 1712 341 1757 αὐτοῖς
390 1712 569 1769 ἄριστον)
616 1714 781 1757 certius
825 1713 1021 1757 iudicare
1073 1727 1324 1770 possumus.
1399 1713 1662 1758 Lectionem

208 1783 328 1825 enim
348 1782 620 1826 deteriorum
641 1783 841 1826 codicum
862 1797 888 1825 a
907 1783 1140 1839 Kruegero
1168 1788 1213 1825 et
1235 1782 1404 1826 Oobeto
1436 1783 1662 1827 defensam

207 1851 421 1907 παραθεῖεν
440 1867 622 1908 prorsus
644 1852 911 1896 reiciendam
931 1866 1027 1895 esse
1047 1851 1334 1895 manifestum
1361 1853 1459 1896 erit.
1522 1852 1663 1909 Opta—

209 1921 332 1964 tivus
374 1922 493 1964 enim
528 1936 553 1964 a
583 1923 665 1977 πρζν
696 1922 1009 1965 coniunctione
1037 1921 1233 1977 pendens
1265 1922 1353 1965 nisi
1383 1922 1433 1964 in
1462 1923 1662 1966 oratione

208 1990 388 2047 obliqua
433 2006 525 2035 non
571 1992 766 2048 ponitur.
845 1990 1134 2035 Probabilius
1172 1998 1291 2035 esset
1338 1991 1422 2035 hoc
1459 1992 1557 2036 loco
1593 1993 1662 2036 in-

207 2059 453 2104 dicativum
503 2062 715 2113 conicere,
775 2062 821 2104 id
869 2062 986 2117 quod
1027 2076 1158 2104 nemo
1199 2068 1382 2117 propter
1421 2062 1660 2106 lectionem

207 2130 408 2174 codicum
441 2131 634 2174 audebit.
693 2131 837 2175 Unice
867 2146 1001 2175 verus
1032 2136 1100 2174 est
1129 2131 1385 2175 infinitivus
1417 2132 1659 2186 παραθεῖναι,

205 2199 309 2254 quia
338 2200 476 2243 totius
507 2200 679 2256 periodi
708 2201 822 2243 ratio
853 2206 921 2243 est
950 2200 1173 2243 iterativa.

320 2269 364 2313 N
365 2285 453 2313 unc
498 2270 698 2325 quaestio
742 2285 824 2314 nos
874 2270 1042 2326 excipit
1086 2269 1375 2324 difficillima,
1422 2286 1659 2328 quamnam

204 2338 425 2383 rationem
464 2344 642 2383 secutus
673 2340 929 2397 Xenophon
966 2340 1235 2382 sententiam
1271 2354 1297 2382 a
1327 2342 1410 2395 νφίν
1441 2343 1660 2397 particula

196 2407 471 2462 *pendent-em
500 2409 632 2452 modo
662 2410 924 2465 praesentis,
955 2409 1085 2453 modo
1116 2409 1287 2462 aoristi,
1319 2410 1451 2454 modo
1472 2411 1658 2467 perfecti

204 2476 432 2520 infinitivo
454 2478 737 2534 expresserit.
771 2503 825 2508 —
847 2479 904 2521 In
925 2479 1153 2535 octoginta
1168 2481 1386 2535 exemplis
1402 2480 1655 2523 Homericis

203 2545 356 2589 nullus
374 2552 524 2591 exstat
544 2547 680 2600 locus,
703 2548 779 2604 qui
799 2554 902 2604 post
921 2549 1189 2605 particulam
1209 2551 1292 2605 πρίν
1312 2556 1390 2594 aut
1409 2551 1654 2606 praesentis

203 2620 281 2658 aut
306 2616 493 2670 perfecti
512 2618 792 2661 infinitivum
819 2620 1056 2663 contineat.
1118 2620 1275 2676 Itaque
1295 2621 1392 2663 iure
1414 2621 1655 2663 conicietur

204 2684 336 2728 huius
364 2685 585 2731 infinitivi
605 2701 736 2731 usum
766 2702 863 2732 esse
893 2689 1187 2746 originarium
1216 2696 1262 2733 et
1285 2705 1309 2733 e
1330 2695 1491 2734 natura-
1519 2690 1653 2745 parti-

204 2755 327 2799 culae
355 2756 496 2812 ipsius
519 2763 878 2802 consentaneum.
935 2759 1000 2803 Et
1030 2774 1135 2804 vere
1155 2760 1310 2803 aoristi
1330 2760 1582 2803 infinitivus
1612 2759 1650 2800 is

203 2831 283 2880 est,
315 2826 391 2884 qui
411 2840 526 2870 unus
548 2827 748 2872 omnium
768 2829 1068 2874 sincerissime
1088 2844 1256 2874 meram
1278 2830 1405 2875 verbi
1425 2829 1650 2872 notionem
