1836 3175
1446 0 1463 28 J

1433 33 1445 89 'l

1423 98 1430 120 l

228 174 284 217 50
1415 122 1428 220 t}

229 298 471 352 videretur,
488 298 773 349 ,Meinekiuffi
795 311 926 353 quem
947 296 1153 348 Hei-cher
1180 296 1231 339 in
1245 295 1446 340 >editione
1465 294 1685 350 sequitur,

230 369 313 422 πρὶν
345 366 391 409 ἄν
421 368 628 419 correxit,
668 367 863 423 epitoma
901 364 1092 409 fortasse
1130 363 1291 407 ductus
1322 362 1431 407 Iulii
1460 362 1681 415 Africani,

230 438 306 493 qui
335 438 581 494 posteriore
612 436 709 479 loco
740 434 923 489 scripsit
953 432 999 473 ἄν
1029 448 1112 490 pro
1141 432 1179 488 ἤ.
1241 434 1307 477 At
1336 432 1441 480 vide
1469 446 1537 483 ne.-v
1547 432 1681 483 huius

230 507 531 562 compilatoris
563 504 873 548 auctoritatem
906 503 1050 558 pluris
1082 502 1315 548 aestimes!
1362 502 1500 546 Illum
1531 515 1681 547 nonne

231 580 577 626 consentaneum
608 578 677 616 est
699 572 930 628 vulgarem
962 571 1139 616 dicendi
1169 571 1538 616 consuetudinem
1557 585 1682 615 secu-

235 649 342 696 tum,
363 642 605 687 secundum
621 656 753 697 quam
776 640 823 682 ἄν
844 641 997 687 deesse
1025 657 1118 686 non
1139 642 1300 698 potuit,
1330 648 1580 687 structuras
1601 656 1684 685 sua

228 718 371 754 aetate
398 711 605 754 insolitas
627 716 759 766 atque
781 710 1005 755 obsoletas
1027 711 1209 763 v-itasse,
1239 711 1504 767 praesertim
1534 711 1574 756 si
1591 724 1682 754 una

227 780 386 824 vocula
416 779 568 823 addita
597 780 697 823 fieri
728 781 913 836 posset?
972 780 1131 836 Itaque
1161 779 1418 824 Meinekius
1448 780 1561 823 mihi
1590 795 1689 823 non-

226 854 345 892 recte
375 848 533 892 fecisse
554 848 750 893 videtur.
809 849 1032 904 Equidem
1054 864 1211 894 vocem
1240 848 1417 906 v’y'plane
1447 848 1681 892 delendam

225 933 320 961 esse
351 917 557 969 arbitror,
590 919 653 961 ita
683 924 735 962 ut
763 919 911 962 nudus
935 920 1249 963 coniunctivus
1275 925 1378 974 post
1397 920 1480 973 πρίν
1500 918 1680 961 existat.

226 987 427 1041 Namque
459 986 650 1039 Aeneas,
687 987 765 1042 qui
794 987 1050 1044 Thucydidi
1086 987 1304 1031 imitando
1336 1000 1516 1044 operam
1546 985 1680 1038 dedit,

225 1058 338 1100 hanc
360 1071 534 1112 quoque
556 1057 885 1101 coniunctionis
906 1061 988 1113 πρίν
1020 1063 1294 1101 structuram
1324 1059 1373 1101 in
1393 1072 1525 1111 suum
1549 1071 1681 1101 usum

226 1126 462 1170 convertit.
523 1126 679 1183 Neque
720 1127 841 1171 enim
879 1126 1209 1184 neglegendum
1238 1132 1320 1180 est,
1360 1126 1478 1183 quod
1508 1126 1680 1170 duobus

223 1197 345 1247 locis,
393 1197 471 1251 qui
515 1196 571 1240 ad
615 1197 802 1240 eandem
845 1197 938 1240 fere
984 1198 1257 1241 sententiam
1303 1203 1519 1253 spectant,
1566 1197 1681 1240 ratio

224 1265 482 1321 temporalis
513 1266 736 1322 imprimis
769 1266 1038 1311 dominatur.
1099 1267 1203 1311 Huc
1233 1267 1417 1320 accedit,
1456 1265 1574 1322 quod
1611 1265 1680 1308 bis

223 1336 270 1378 in
315 1333 471 1378 eodem
515 1335 670 1380 libello
716 1341 821 1392 post
863 1335 982 1392 μέχρι
1026 1334 1073 1376 οὔ
1120 1339 1231 1392 (cap.
1277 1334 1347 1389 33,
1393 1336 1438 1387 4)
1480 1341 1525 1379 et
1563 1333 1682 1391 μέχρι

223 1404 369 1448 solum
415 1404 505 1458 (22,
546 1404 625 1456 27)
659 1405 799 1449 codex
834 1406 1169 1449 Laurentianus
1209 1406 1547 1449 conjunctivum
1584 1405 1681 1448 sine

223 1472 269 1513 ἄν
318 1474 540 1530 particula
592 1474 795 1531 praebet;
857 1489 990 1531 quam
1048 1475 1290 1519 lectionem
1347 1475 1479 1519 unice
1531 1488 1682 1519 veram

223 1543 462 1587 restituere
492 1543 614 1588 haud
634 1543 806 1597 dubito,
838 1559 1105 1601 quamquam
1126 1544 1384 1588 Meinekius
1414 1544 1486 1588 his
1508 1558 1682 1600 quoque

221 1613 333 1657 locis
370 1612 416 1653 ἄν
446 1614 705 1659 inculcavit.

337 1683 438 1726 Hoc
468 1683 566 1727 loco
598 1684 875 1727 occasionem
906 1683 960 1727 de
984 1683 1177 1727 formula
1197 1685 1279 1739 πρὶν
1300 1682 1326 1739 ἤ
1344 1698 1485 1741 pauca
1506 1683 1683 1729 dicendi

222 1753 834 1808 praetermittere-nolumus.
904 1753 975 1796 De
1015 1753 1189 1810 origine
1227 1753 1553 1797 coniunctionis
1598 1754 1681 1808 τςοίν

222 1836 333 1877 quae
363 1822 651 1879 exposuimus
668 1823 696 1874 ¹)
727 1823 767 1866 si
792 1823 841 1865 in
870 1824 1132 1867 memoriam
1153 1837 1428 1875 revocamus,
1460 1823 1682 1879 particula

221 1890 246 1945 ἥ
276 1906 377 1934 cum
409 1893 493 1946 πρίν
524 1893 692 1935 sociata
721 1891 960 1934 admodum
996 1892 1112 1935 mira
1140 1892 1333 1936 videtur.
1396 1891 1487 1936 Sed
1518 1892 1681 1935 Graeci

221 1961 457 2017 potestatis
488 1961 733 2018 particulae
763 1963 847 2017 πρίν
877 1962 1115 2018 primariae
1146 1961 1277 2005 obliti
1308 1961 1681 2018 quemadmodum

220 2032 268 2073 in
308 2031 500 2074 formula
537 2032 730 2086 πρότερον
760 2055 817 2061 --
848 2029 883 2085 ἦ,
931 2032 994 2074 sic
1033 2032 1082 2073 in
1119 2031 1203 2073 hac
1241 2045 1415 2086 quoque
1452 2036 1681 2074 structura

220 2100 439 2144 rationem
479 2100 769 2153 construendi
807 2104 1054 2153 mutarunt,
1099 2100 1165 2144 ita
1200 2106 1253 2144 ut
1291 2115 1314 2143 e
1339 2101 1523 2144 notione
1562 2116 1681 2145 com-

220 2171 435 2225 parativa,
477 2184 611 2225 quam
640 2171 690 2213 in
724 2170 946 2226 particula
975 2171 1058 2225 πρίν
1096 2170 1243 2213 inesse
1274 2174 1525 2222 senserunt,
1564 2170 1679 2213 illud

220 2237 245 2293 ἧ
281 2239 566 2284 deducerent.
641 2240 766 2284 Haec
814 2240 976 2284 vocula
1021 2239 1046 2295 ἤ
1083 2255 1221 2298 quum
1268 2239 1386 2297 apud
1430 2240 1679 2288 Homerum

222 2310 296 2360 (cf.
319 2311 354 2350 E
371 2308 457 2353 288
486 2316 532 2353 et
559 2311 600 2351 X
626 2308 733 2365 266)
755 2310 1080 2366 praecipueque
1107 2310 1226 2366 apud
1240 2310 1522 2353 Herodotum
1544 2310 1619 2362 (cf.
1641 2310 1677 2363 Ι,

221 2376 288 2429 78,
321 2378 367 2431 2;
398 2379 462 2431 ΙΙ,
494 2378 542 2432 2;
574 2379 657 2431 IV,
692 2377 788 2431 167,
823 2378 867 2433 13
899 2379 1033 2433 VIII,
1069 2378 1141 2432 12;
1171 2379 1257 2431 IX,
1294 2377 1365 2432 133
1396 2377 1467 2431 48,
1499 2378 1538 2431 2,
1570 2379 1678 2430 alia)

221 2447 543 2501 quodammodo
575 2461 657 2504 per
686 2462 734 2491 se
765 2453 977 2492 constans
1008 2454 1141 2505 atque
1172 2462 1198 2491 a
1217 2448 1300 2503 πρίν
1321 2447 1583 2504 separabilis
1604 2449 1678 2502 sit,

221 2517 269 2558 in
297 2516 499 2573 linguam
528 2517 764 2574 vulgarem
797 2523 1078 2574 transgressa
1116 2533 1217 2561 cum
1257 2520 1340 2572 πρίν
1378 2519 1601 2574 particula
1630 2520 1678 2561 in

221 2599 359 2628 unum
389 2586 517 2641 quasi
548 2587 818 2630 vocabulum
849 2587 1027 2638 coaluit,
1058 2587 1123 2629 ita
1152 2592 1205 2630 ut
1233 2587 1353 2630 inter
1382 2588 1466 2643 πρίν
1496 2592 1543 2631 et
1571 2587 1678 2643 πρινὴ

222 2668 276 2695 nc
305 2654 490 2698 minima
520 2655 700 2711 quidem
731 2655 1030 2699 intercederet
1062 2656 1371 2712 discrepantia.
1436 2656 1680 2711 Quaeritur

340 2802 366 2848 ¹)
392 2803 446 2840 Cf.
472 2815 560 2852 pag.
586 2806 609 2842 6
634 2809 672 2842 et
697 2806 730 2842 7.
