1836 3175
222 228 280 274 40

223 357 301 412 qui
330 356 418 408 ΙΙΙ,
455 355 547 408 104,
580 354 605 397 7
635 355 685 396 in
714 352 945 396 enuntiato
975 351 1188 407 primario
1218 351 1465 402 invenitur,
1496 351 1675 408 regulae

223 432 403 470 nostrae
432 423 644 468 reluctari
673 421 885 465 videtur.·
936 419 1088 463 Verba
1117 426 1224 464 sunt
1253 420 1381 463 haee:
1433 420 1483 460 τὰ
1512 420 1560 461 δὲ
1589 422 1675 476 περὶ

224 496 317 540 τοὺς
343 496 499 549 ἀγῶνας
533 493 597 532 καὶ
626 491 675 531 τὰ
703 492 862 530 πλεῖστα
891 488 1086 544 κατελύθη
1116 489 1187 530 ὑπὸ
1219 488 1444 544 ξυμφορῶν,
1474 488 1532 534 ὡς·
1559 491 1674 538 εἰκός,

222 566 305 620 πρὶν
343 564 389 618 δὴ
429 564 468 603 οἷ
502 560 692 617 Ἀθηναῖοι
729 560 819 600 τότε
856 559 922 599 τὸν
960 559 1094 613 ἀγῶνα
1131 557 1326 614 ἐποίησαν.
1390 558 1674 615 Thucydides

221 648 303 690 pro
335 632 554 676 brevitate
586 628 761 673 dicendi
781 628 1086 672 narrationem
1116 629 1224 672 facti
1254 635 1300 673 et
1330 629 1674 685 descriptionem

221 706 363 745 status
384 700 460 755 qui
480 699 649 742 factum
670 698 873 753 sequitur
893 712 982 741 uno
1003 698 1142 742 verbo
1166 696 1361 753 κατελύθη
1381 698 1671 755 conglutinat.

219 771 323 814 Non
367 768 498 812 modo
538 768 685 811 dicere
731 768 834 812 vult
879 768 1124 811 certamina
1169 768 1357 821 sublata,
1404 768 1481 812 sed
1523 770 1673 825 potius

219 840 347 883 ludos
394 853 486 882 non
529 839 619 881 iam
671 837 917 881 celebratos
970 852 1079 881 esse.
1150 837 1412 881 Absurdum
1455 852 1562 882 sane
1606 846 1674 882 est

217 909 481 953 scholiastae
517 907 748 951 cuiusdam
784 908 1018 964 glossema,
1059 908 1137 963 qui
1173 913 1359 951 annotat
1396 908 1478 962 πρὶν
1508 910 1671 963 ποιῆσαι.

217 981 433 1023 Attamen
464 978 741 1021 occasionem
763 977 892 1020 nobis
914 977 1046 1021 offert
1067 977 1175 1021 duas
1207 983 1456 1021 structuras
1486 977 1606 1021 inter
1627 993 1673 1021 se

217 1046 516 1103 comparandi.
592 1046 796 1101 Namque
847 1046 1105 1090 infinitivus
1159 1046 1243 1090 hoc
1293 1047 1391 1090 loco
1447 1046 1672 1091 adhibitus

216 1117 351 1160 totius
396 1116 568 1172 periodi
612 1116 833 1159 rationem
878 1121 1170 1171 perverteret.
1248 1114 1417 1160 Sensus
1463 1116 1555 1159 fere
1600 1117 1673 1160 hic

215 1186 444 1230 evaderet:
502 1186 748 1229 certamina
792 1185 1003 1241 pleraque
1049 1184 1226 1229 sublata
1266 1192 1385 1238 sunt,
1436 1191 1673 1242 antequam

213 1255 516 1299 Athenienses
537 1254 666 1296 ludos
686 1254 990 1297 instituerent.
1053 1255 1167 1297 Tota
1204 1255 1413 1310 periodus
1435 1255 1517 1298 hac
1546 1256 1595 1298 in
1625 1271 1673 1299 re

215 1330 478 1376 verteretur,
518 1339 604 1380 quo
636 1331 836 1380 tempore
875 1324 1120 1368 certamina
1150 1323 1326 1368 sublata
1356 1331 1519 1386 essent.
1589 1324 1673 1370 sin
1698 1350 1700 1356 ·

213 1400 362 1437 autem
412 1393 687 1437 indicativus
732 1399 895 1447 exstat,
945 1393 1118 1450 periodi
1168 1400 1301 1450 caput
1351 1395 1399 1437 in
1450 1396 1673 1439 sententia

211 1463 458 1520 posteriorc
489 1464 704 1507 cernitur.
766 1463 933 1521 Magna
962 1463 1171 1506 ludorum
1200 1464 1533 1508 intermissione
1556 1465 1673 1509 facta

212 1532 520 1575 Athenienses
551 1546 627 1575 eos
657 1532 969 1575 restituerunt.

327 1601 483 1655 Neque
505 1601 647 1644 solum
673 1615 846 1644 conexu
867 1602 1192 1644 sententiarum
1213 1601 1406 1654 adducti,
1439 1602 1516 1645 sed
1536 1603 1671 1645 etiam

213 1671 446 1726 particulis
477 1672 679 1714 externis
723 1672 850 1727 quasi
887 1670 1066 1713 indiciis
1097 1671 1167 1714 usi
1198 1671 1314 1714 hanc
1343 1671 1671 1727 interpretandi

212 1740 334 1783 viam
364 1740 558 1783 iniimus.
620 1740 722 1783 Nisi
752 1740 869 1784 forte
900 1740 1172 1783 arbitramur
1203 1754 1307 1783 casu
1339 1740 1529 1796 quodam
1559 1741 1671 1784 acci-

213 1809 342 1862 disse,
383 1814 433 1853 ut
470 1824 646 1867 semper
684 1810 776 1853 fere
815 1810 1072 1866 (quinquies
1111 1810 1232 1853 inter
1273 1825 1352 1853 sex
1391 1810 1494 1854 illos
1531 1811 1672 1862 locos)

212 1880 434 1936 particula
463 1881 511 1935 δή
543 1881 849 1924 coniunctioni
880 1881 962 1935 πρίν
983 1880 1134 1924 addita
1163 1881 1235 1924 sit.
1298 1878 1422 1933 Quae
1453 1881 1672 1936 particula

211 1965 348 2005 quum
378 1951 473 1994 vim
504 1951 667 1994 habeat
701 1951 988 2002 intensivam,
1028 1950 1299 1993 sententiam
1336 1950 1671 1993 antecedentem

211 2033 394 2073 prorsus
424 2018 677 2062 absolutam
707 2024 840 2074 atque
870 2019 1004 2062 aliam
1025 2019 1179 2062 statim
1199 2018 1411 2074 subsequi
1432 2019 1668 2075 significat.

211 2088 369 2143 Itan
398 2088 688 2144 praecipuum
719 2088 868 2132 locum
899 2089 948 2130 in
978 2088 1159 2144 apodosi
1186 2088 1471 2144 periodorum
1501 2094 1671 2144 tempo-

213 2157 379 2200 ralium
410 2157 598 2201 obtinet.
609 2157 637 2208 ¹)
696 2158 821 2201 Haec
851 2158 966 2201 ratio
1006 2158 1140 2200 etiam
1177 2158 1225 2200 in
1262 2172 1313 2201 eo
1352 2159 1405 2202 de
1435 2172 1522 2214 quo
1552 2172 1671 2201 nunc

211 2227 386 2283 agimus
415 2241 501 2269 usu
533 2228 743 2270 cernitur.
806 2228 992 2270 Etenim
1022 2227 1307 2270 enuntiatum
1338 2242 1364 2270 a
1384 2228 1558 2271 voculis
1588 2228 1670 2282 πρὶν

212 2296 259 2350 δή
288 2296 510 2351 incipiens
541 2301 763 2352 potestate
793 2297 939 2339 utitur
969 2296 1222 2352 apodoseos.
1283 2297 1442 2352 Itaque
1478 2296 1591 2339 illud
1623 2297 1669 2350 δή

211 2379 349 2419 quum
369 2364 490 2417 alibi,
513 2370 610 2408 tum
631 2366 687 2408 iis
708 2365 818 2408 locis
839 2370 995 2421 aptum
1014 2365 1208 2418 videtur,
1225 2367 1275 2409 in
1295 2365 1456 2421 quibus
1479 2366 1672 2422 scriptor

212 2432 358 2477 studio
408 2435 624 2477 narrandi
673 2434 884 2491 abreptus
943 2449 1153 2491 praesens
1205 2435 1471 2479 historicum
1521 2435 1669 2492 ponit3

212 2508 423 2557 tanquam
453 2504 492 2546 si
521 2505 751 2548 notionem
781 2505 1026 2559 praeteriti,
1070 2519 1181 2559 quae
1224 2505 1472 2560 praesentis
1503 2505 1670 2547 formae

213 2571 348 2625 deest,
369 2573 590 2629 particula
610 2574 658 2629 δή
680 2574 884 2631 apposita
904 2574 1113 2630 supplere
1134 2574 1260 2618 velit.
1314 2573 1383 2619 Of.
1407 2575 1514 2628 VII,
1537 2573 1606 2627 39,
1630 2575 1669 2620 2.

212 2641 311 2684 Hoc
340 2643 470 2686 modo
501 2643 668 2687 factum
702 2649 783 2695 est,
822 2649 874 2687 ut
905 2644 1040 2687 etiam
1069 2644 1117 2686 in
1149 2659 1221 2687 eas
1254 2650 1518 2698 structuras,
1558 2658 1669 2700 quae

212 2716 313 2766 post
342 2714 612 2756 sententiam
643 2713 901 2771 negativam
929 2713 1227 2758 indicativum
1248 2714 1477 2766 exhibent,
1511 2713 1671 2757 vocula

330 2859 357 2904 ¹)
383 2858 437 2896 Cf.
462 2860 508 2897 K.
533 2860 591 2897 W.
617 2860 804 2908 Kruegeri
830 2860 978 2898 Griech.
1005 2859 1173 2908 Sprachl.
1201 2864 1221 2904 ἓ
1246 2861 1302 2906 65,
1327 2860 1358 2896 9.
