1836 3175
1573 177 1629 220 59

358 300 644 358 subsequitur
662 298 913 358 praesentis
939 299 1209 350 infinitivus,
1265 300 1457 359 ‚Negatio
1487 304 1630 348 sexies

357 371 592 416 antecedit.
654 364 834 426 -Quatei‘-
866 368 1004 427 etiam
1041 368 1235 424 πρότερον
1268 394 1318 401 —-
1350 373 1432 426 τῇσίν
1468 378 1629 418 exstat.

360 437 573 484 Oratores
605 439 751 483 Attici
785 439 1018 482 infinitivo
1055 438 1211 481 aoristi
1249 439 1427 483 circiter
1462 442 1629 485 centies

355 509 659 566 quinquagieS,
695 508 945 564 praesentis
975 507 1227 563 quindecim
1258 508 1368 551 locis
1405 509 1476 553 usi
1512 516 1630 564 sunt,

356 594 565 636 quorum'
605 593 705 623 sex*
734 576 1068 631 Demosthenis,
1125 572 1371 622 ‘Aeschinis
1424 583 1633 634 quattuor

356 655 476 693 sunt.
502 665 504 667 ¹
538 648 629 703 Qui
648 647 835 704 perfecti
862 647 1143 692 infinitivum
1173 647 1390 692 exhibent
1418 647 1507 691 loci
1528 654 1635 693 sunt

350 718 604 775 suspiciosi.
663 716 966 760 Enuntiatum
998 716 1261 773 primarium
1298 716 1408 760 locis
1447 717 1633 761 undevi-

355 786 470 843 ginti
500 786 738 843 negatione
767 784 1047 829 exstructum
1078 791 1161 838 est,
1207 799 1396 841 quorum
1426 786 1633 830 undecim

355 855 472 913 apud
481 856 837 900 Demosthenem·
847 855 1156 898 inveniuntur.
1187 855 1634 912 Formulaeflpdrspov

355 950 412 958 --
441 926 524 981 πρίν
553 926 698 969 multo
728 924 905 981 saepius
934 923 1235 969 indulserunt.

298 995 359 1038 II.
407 995 542 1038 Ratio
572 995 693 1039 modi
722 993 843 1038 finiti
872 1006 899 1036 a
927 994 1010 1048 πρίν
1046 994 1359 1039 coniunctione
1394 995 1632 1052 pendentis

184 1064 291 1108 haec
320 1069 406 1107 est:

274 1135 315 1184 1)

355 1132 734 1176 Indicativum
765 1130 1048 1189 Thucydides
1079 1131 1310 1175 duodecim
1339 1132 1450 1176 locis
1479 1147 1633 1176 ursur-

354 1200 494 1257 pavit‚
515 1203 673 1245 novies
694 1202 863 1254 aoristi,
886 1201 954 1254 bis
974 1201 1225 1258 praesentis
1245 1201 1463 1255 historici,
1494 1201 1631 1246 semel

354 1271 614 1327 imperfecti.
670 1270 836 1315 Sexies
849 1272 1073 1315 sententia
1091 1276 1161 1314 est
1179 1270 1464 1324 affirmativa,
1485 1272 1631 1315 sexies

353 1341 576 1397 negativa.
618 1340 898 1385 Sententiam
915 1340 1233 1385 affirmativam
1257 1341 1461 1397 sequitur
1474 1346 1632 1397 quater

354 1411 437 1466 τφὶν
467 1410 528 1466 δή,
566 1411 703 1455 semel
739 1411 823 1466 τφίν
851 1424 899 1464 γε
937 1409 997 1463 δή,
1035 1408 1153 1465 quod
1190 1409 1328 1451 semel
1356 1408 1492 1452 etiam
1528 1416 1632 1465 post

352 1481 633 1537 negationem
663 1480 858 1524 occurrit
888 1493 988 1523 cum
1019 1484 1253 1535 praesente
1284 1478 1498 1523 historico
1527 1493 1631 1524 con-

352 1550 566 1593 iunctum.
627 1549 817 1593 Duobus
853 1549 964 1599 locis
1002 1553 1152 1592 exstat
1180 1547 1227 1588 οὐ
1246 1549 1438 1604 πρότερον
1456 1572 1515 1578 —
1534 1550 1630 1602 πρίν,

352 1633 444 1661 non
458 1619 607 1662 minus
623 1632 754 1675 saepe
776 1617 822 1659 οὐ
842 1619 1033 1674 πρότερον
1047 1642 1105 1647 -
1120 1616 1158 1672 ἤ.
1197 1616 1631 1661 Ooniunctivum

355 1701 455 1730 eum
492 1687 575 1741 πρίν
612 1687 925 1731 coniunctione
963 1687 1193 1742 copulavit
1228 1686 1449 1739 undecies,
1486 1686 1630 1729 decies

352 1755 519 1808 aoristi,
565 1756 702 1799 semel
747 1757 994 1812 praesentis
1031 1753 1187 1810 (ὦμεν).
1257 1753 1415 1798 Sexies
1460 1753 1631 1798 addidit

354 1824 412 1873 ἄν,
442 1826 677 1881 quinquies
709 1827 862 1870 omisit
869 1842 880 1880 3
910 1839 1154 1881 numquam
1183 1823 1405 1868 antecedit
1424 1825 1629 1882 σφότερον,

352 1895 470 1949 quod
500 1896 638 1938 semel
669 1909 771 1939 cum
789 1895 815 1950 ἤ
834 1887 1055 1952 particula
1075 1894 1363 1937 coniunctum
1382 1890 1628 1945 invenitur.

353 1960 681 2019 Optativum
703 1963 875 2008 duobus
891 1964 1002 2009 locis
1026 1964 1179 2021 posuit
1201 1962 1418 2008 vocabulo
1438 1964 1629 2020 πρότερον

351 2045 443 2074 non
473 2028 623 2075 addito
653 2034 702 2075 in
732 2035 933 2077 oratione
963 2034 1154 2089 obliqua.

352 2100 712 2146 Indicativus
757 2103 875 2160 apud
911 2103 1261 2159 Xenophontem
1301 2102 1437 2146 vicies
1481 2117 1508 2146 a
1546 2105 1629 2159 πφίν

352 2171 664 2215 coniunctione
693 2173 858 2229 pendet
887 2178 933 2216 et
961 2173 1040 2217 ille
1069 2172 1247 2228 quidem
1279 2187 1454 2229 semper
1473 2174 1629 2217 aoristi

352 2244 458 2296 (quo
488 2242 536 2284 in
566 2257 753 2286 numero
784 2243 871 2287 duo
901 2242 1163 2299 imperfecta
1186 2241 1279 2297 ἧκον
1308 2247 1354 2286 et
1382 2240 1454 2297 ἧκε
1472 2257 1628 2287 nume-

350 2309 489 2354 randa
517 2313 658 2364 sunt).
719 2312 924 2369 Excepto
944 2326 1034 2355 uno
1064 2312 1162 2355 loco
1183 2326 1357 2368 semper
1379 2326 1485 2356 vera
1504 2319 1628 2357 ante-

352 2379 471 2427 cedit
514 2381 705 2437 negatio‚
758 2397 869 2437 quae
916 2383 1062 2426 sexies
1113 2396 1214 2426 cum
1264 2395 1374 2426 voce
1423 2382 1626 2439 ψότερον,

351 2447 495 2492 decies
526 2463 627 2493 cum
647 2450 864 2494 vocabulo
895 2451 1069 2507 πρόσθεν
1090 2451 1327 2494 coniuncta
1347 2455 1427 2494 est.
1477 2450 1628 2496 Semel

349 2517 563 2562 habemus
622 2521 706 2575 πρίν
762 2536 823 2576 γε.
913 2521 1042 2567 Cum
1112 2521 1477 2565 coniunctivo
1544 2523 1627 2578 πρίν

351 2587 605 2632 coniunctio
627 2589 819 2634 sedecim
838 2591 948 2636 locis
971 2592 1253 2636 consociatur
1282 2596 1328 2635 et
1347 2591 1426 2635 illo
1448 2591 1626 2648 quidem

349 2670 519 2712 semper
554 2659 708 2702 aoristi
738 2666 925 2716 excepto
952 2676 1042 2704 uno
1072 2661 1358 2705 coniunctivo
1378 2663 1625 2718 praesentis

347 2724 493 2779 ἡγῆται.
552 2726 633 2771 Bis
653 2728 876 2792 particula
896 2728 941 2770 ἄν
961 2729 1105 2784 deest;
1136 2729 1273 2773 semel
1294 2735 1443 2774 exstat
1463 2732 1546 2786 σφίν
1564 2745 1624 2785 γε.

252 2845 261 2846 7
347 2794 403 2835 In
424 2797 658 2840 enuntiato
679 2797 891 2853 primario
911 2804 982 2842 ter
1001 2800 1234 2844 invenitur
1253 2801 1455 2856 ηοότερον,
1487 2802 1623 2845 semel
