<?xml version="1.0" encoding="UTF-8"?>
<!DOCTYPE html PUBLIC "-//W3C//DTD XHTML 1.0 Transitional//EN"
    "http://www.w3.org/TR/xhtml1/DTD/xhtml1-transitional.dtd">
<html xmlns="http://www.w3.org/1999/xhtml" xml:lang="en" lang="en">
 <head>
  <title>
</title>
<meta http-equiv="Content-Type" content="text/html;charset=utf-8" />
  <meta name='ocr-system' content='tesseract 3.04.00' />
  <meta name='ocr-capabilities' content='ocr_page ocr_carea ocr_par ocr_line ocrx_word'/>
</head>
<body>
  <div class='ocr_page' id='page_1' title='image "4738105_0014.png"; bbox 0 0 1836 3175; ppageno 0'>
   <div class='ocr_carea' id='block_1_1' title="bbox 188 186 217 229">
    <p class='ocr_par' dir='ltr' id='par_1_1' title="bbox 188 186 217 229">
     <span class='ocr_line' id='line_1_1' title="bbox 188 186 217 229; baseline 0 0"><span class='ocrx_word' id='word_1_1' title='bbox 188 186 217 229; x_wconf 80' lang='lat'>4</span> 
     </span>
    </p>
   </div>
   <div class='ocr_carea' id='block_1_2' title="bbox 178 309 1673 1198">
    <p class='ocr_par' dir='ltr' id='par_1_2' title="bbox 184 309 1638 495">
     <span class='ocr_line' id='line_1_2' title="bbox 186 309 1638 368; baseline -0.001 -13"><span class='ocrx_word' id='word_1_2' title='bbox 186 312 294 355; x_wconf 86' lang='lat' dir='ltr'><strong>haec</strong></span> <span class='ocrx_word' id='word_1_3' title='bbox 330 311 591 368; x_wconf 76' lang='lat' dir='ltr'><strong>disceptatio</strong></span> <span class='ocrx_word' id='word_1_4' title='bbox 632 310 681 353; x_wconf 92' lang='lat' dir='ltr'><strong>in</strong></span> <span class='ocrx_word' id='word_1_5' title='bbox 723 309 880 353; x_wconf 89' lang='lat' dir='ltr'><strong>multis</strong></span> <span class='ocrx_word' id='word_1_6' title='bbox 925 310 1128 366; x_wconf 90' lang='lat' dir='ltr'><strong>partibus</strong></span> <span class='ocrx_word' id='word_1_7' title='bbox 1173 309 1381 367; x_wconf 87' lang='lat' dir='ltr'><strong>ambigua</strong></span> <span class='ocrx_word' id='word_1_8' title='bbox 1424 311 1498 363; x_wconf 88' lang='lat' dir='ltr'><strong>sit,</strong></span> <span class='ocrx_word' id='word_1_9' title='bbox 1541 311 1638 367; x_wconf 88' lang='lat' dir='ltr'><strong>ipse</strong></span> 
     </span>
     <span class='ocr_line' id='line_1_3' title="bbox 185 379 1638 438; baseline -0.001 -13"><span class='ocrx_word' id='word_1_10' title='bbox 185 396 296 438; x_wconf 85' lang='lat' dir='ltr'><strong>quae</strong></span> <span class='ocrx_word' id='word_1_11' title='bbox 341 382 395 425; x_wconf 90' lang='lat' dir='ltr'><strong>de</strong></span> <span class='ocrx_word' id='word_1_12' title='bbox 431 381 563 425; x_wconf 84' lang='lat' dir='ltr'><strong>rebus</strong></span> <span class='ocrx_word' id='word_1_13' title='bbox 602 381 903 424; x_wconf 87' lang='lat' dir='ltr'><strong>controversis</strong></span> <span class='ocrx_word' id='word_1_14' title='bbox 942 381 1132 424; x_wconf 85' lang='lat' dir='ltr'><strong>sentiam</strong></span> <span class='ocrx_word' id='word_1_15' title='bbox 1170 381 1219 423; x_wconf 89' lang='lat' dir='ltr'><strong>in</strong></span> <span class='ocrx_word' id='word_1_16' title='bbox 1255 380 1400 423; x_wconf 85' lang='lat' dir='ltr'><strong>lucem</strong></span> <span class='ocrx_word' id='word_1_17' title='bbox 1438 379 1638 436; x_wconf 87' lang='lat' dir='ltr'><strong>proferre</strong></span> 
     </span>
     <span class='ocr_line' id='line_1_4' title="bbox 184 451 337 495; baseline 0 -1"><span class='ocrx_word' id='word_1_18' title='bbox 184 451 337 495; x_wconf 80' lang='lat' dir='ltr'><strong>audeo.</strong></span> 
     </span>
    </p>

    <p class='ocr_par' dir='ltr' id='par_1_3' title="bbox 178 517 1673 1198">
     <span class='ocr_line' id='line_1_5' title="bbox 300 517 1637 577; baseline -0.001 -13"><span class='ocrx_word' id='word_1_19' title='bbox 300 521 409 564; x_wconf 75' lang='lat' dir='ltr'><strong>Tres</strong></span> <span class='ocrx_word' id='word_1_20' title='bbox 440 519 509 563; x_wconf 91' lang='lat' dir='ltr'><strong>illi</strong></span> <span class='ocrx_word' id='word_1_21' title='bbox 539 518 630 563; x_wconf 87' lang='lat' dir='ltr'><strong>viri</strong></span> <span class='ocrx_word' id='word_1_22' title='bbox 659 517 792 571; x_wconf 89' lang='lat' dir='ltr'><strong>docti,</strong></span> <span class='ocrx_word' id='word_1_23' title='bbox 832 532 1023 575; x_wconf 89' lang='lat' dir='ltr'><strong>quorum</strong></span> <span class='ocrx_word' id='word_1_24' title='bbox 1060 525 1285 577; x_wconf 89' lang='lat' dir='ltr'><strong>postremo</strong></span> <span class='ocrx_word' id='word_1_25' title='bbox 1323 519 1420 563; x_wconf 88' lang='lat' dir='ltr'><strong>loco</strong></span> <span class='ocrx_word' id='word_1_26' title='bbox 1456 518 1637 569; x_wconf 76' lang='lat' dir='ltr'><strong>laudavi</strong></span> 
     </span>
     <span class='ocr_line' id='line_1_6' title="bbox 183 587 1637 643; baseline -0.001 -11"><span class='ocrx_word' id='word_1_27' title='bbox 183 589 530 638; x_wconf 76' lang='lat' dir='ltr'><strong>dissertationes,</strong></span> <span class='ocrx_word' id='word_1_28' title='bbox 570 588 653 643; x_wconf 81' lang='grc' dir='ltr'><em>πρίν</em></span> <span class='ocrx_word' id='word_1_29' title='bbox 687 587 955 643; x_wconf 81' lang='lat' dir='ltr'><strong>particulam</strong></span> <span class='ocrx_word' id='word_1_30' title='bbox 985 589 1294 632; x_wconf 89' lang='lat' dir='ltr'><strong>correlationis</strong></span> <span class='ocrx_word' id='word_1_31' title='bbox 1323 589 1400 632; x_wconf 83' lang='lat' dir='ltr'><strong>via</strong></span> <span class='ocrx_word' id='word_1_32' title='bbox 1429 588 1637 631; x_wconf 90' lang='lat' dir='ltr'><strong>coniunc-</strong></span> 
     </span>
     <span class='ocr_line' id='line_1_7' title="bbox 181 656 1636 715; baseline -0.001 -13"><span class='ocrx_word' id='word_1_33' title='bbox 181 659 350 702; x_wconf 86' lang='lat' dir='ltr'><strong>tionem</strong></span> <span class='ocrx_word' id='word_1_34' title='bbox 380 672 475 701; x_wconf 86' lang='lat' dir='ltr'><strong>esse</strong></span> <span class='ocrx_word' id='word_1_35' title='bbox 505 656 669 700; x_wconf 83' lang='lat' dir='ltr'><strong>factam</strong></span> <span class='ocrx_word' id='word_1_36' title='bbox 698 670 962 713; x_wconf 87' lang='lat' dir='ltr'><strong>persuasum</strong></span> <span class='ocrx_word' id='word_1_37' title='bbox 992 657 1173 701; x_wconf 87' lang='lat' dir='ltr'><strong>habent.</strong></span> <span class='ocrx_word' id='word_1_38' title='bbox 1223 658 1349 701; x_wconf 87' lang='lat' dir='ltr'><strong>Haec</strong></span> <span class='ocrx_word' id='word_1_39' title='bbox 1371 656 1636 715; x_wconf 80' lang='lat' dir='ltr'><strong>hypothesis</strong></span> 
     </span>
     <span class='ocr_line' id='line_1_8' title="bbox 181 725 1636 783; baseline 0 -13"><span class='ocrx_word' id='word_1_40' title='bbox 181 728 400 783; x_wconf 89' lang='lat' dir='ltr'><strong>imprimis</strong></span> <span class='ocrx_word' id='word_1_41' title='bbox 417 740 469 769; x_wconf 85' lang='lat' dir='ltr'><strong>ea</strong></span> <span class='ocrx_word' id='word_1_42' title='bbox 483 725 757 770; x_wconf 80' lang='lat' dir='ltr'><strong>Graecorum</strong></span> <span class='ocrx_word' id='word_1_43' title='bbox 774 727 1098 783; x_wconf 88' lang='lat' dir='ltr'><strong>praecipueque</strong></span> <span class='ocrx_word' id='word_1_44' title='bbox 1110 727 1299 771; x_wconf 89' lang='lat' dir='ltr'><strong>Homeri</strong></span> <span class='ocrx_word' id='word_1_45' title='bbox 1316 726 1636 771; x_wconf 87' lang='lat' dir='ltr'><strong>consuetudine</strong></span> 
     </span>
     <span class='ocr_line' id='line_1_9' title="bbox 179 793 1673 849; baseline 0.001 -12"><span class='ocrx_word' id='word_1_46' title='bbox 179 796 353 847; x_wconf 89' lang='lat' dir='ltr'><strong>nititur,</strong></span> <span class='ocrx_word' id='word_1_47' title='bbox 393 808 479 849; x_wconf 90' lang='lat' dir='ltr'><strong>qua</strong></span> <span class='ocrx_word' id='word_1_48' title='bbox 515 793 635 837; x_wconf 90' lang='lat' dir='ltr'><strong>idem</strong></span> <span class='ocrx_word' id='word_1_49' title='bbox 673 793 944 837; x_wconf 84' lang='lat' dir='ltr'><strong>vocabulum</strong></span> <span class='ocrx_word' id='word_1_50' title='bbox 981 796 1065 849; x_wconf 85' lang='grc' dir='ltr'><em>πρίν</em></span> <span class='ocrx_word' id='word_1_51' title='bbox 1095 796 1170 838; x_wconf 85' lang='lat' dir='ltr'><strong>vel</strong></span> <span class='ocrx_word' id='word_1_52' title='bbox 1207 796 1329 839; x_wconf 84' lang='lat' dir='ltr'><strong>aliud</strong></span> <span class='ocrx_word' id='word_1_53' title='bbox 1366 796 1526 839; x_wconf 85' lang='lat' dir='ltr'><strong>similis</strong></span> <span class='ocrx_word' id='word_1_54' title='bbox 1557 810 1636 838; x_wconf 94' lang='lat' dir='ltr'><strong>no-</strong></span> <span class='ocrx_word' id='word_1_55' title='bbox 1671 835 1673 839; x_wconf 86' lang='lat'><strong>.</strong></span> 
     </span>
     <span class='ocr_line' id='line_1_10' title="bbox 178 863 1632 921; baseline -0.001 -14"><span class='ocrx_word' id='word_1_56' title='bbox 178 864 314 907; x_wconf 84' lang='lat' dir='ltr'><strong>tionis</strong></span> <span class='ocrx_word' id='word_1_57' title='bbox 345 863 608 908; x_wconf 84' lang='lat' dir='ltr'><strong>adverbium</strong></span> <span class='ocrx_word' id='word_1_58' title='bbox 629 863 764 906; x_wconf 87' lang='lat' dir='ltr'><strong>etiam</strong></span> <span class='ocrx_word' id='word_1_59' title='bbox 784 863 834 906; x_wconf 90' lang='lat' dir='ltr'><strong>in</strong></span> <span class='ocrx_word' id='word_1_60' title='bbox 864 863 1097 907; x_wconf 87' lang='lat' dir='ltr'><strong>enuntiato</strong></span> <span class='ocrx_word' id='word_1_61' title='bbox 1128 864 1343 921; x_wconf 85' lang='lat' dir='ltr'><strong>primario</strong></span> <span class='ocrx_word' id='word_1_62' title='bbox 1373 865 1480 921; x_wconf 93' lang='lat' dir='ltr'><strong>poni</strong></span> <span class='ocrx_word' id='word_1_63' title='bbox 1506 864 1632 908; x_wconf 88' lang='lat' dir='ltr'><strong>solet.</strong></span> 
     </span>
     <span class='ocr_line' id='line_1_11' title="bbox 181 932 1636 989; baseline 0 -13"><span class='ocrx_word' id='word_1_64' title='bbox 181 932 269 977; x_wconf 84' lang='lat' dir='ltr'><strong>Sed</strong></span> <span class='ocrx_word' id='word_1_65' title='bbox 301 932 548 975; x_wconf 87' lang='lat' dir='ltr'><strong>cavendum</strong></span> <span class='ocrx_word' id='word_1_66' title='bbox 577 937 658 984; x_wconf 87' lang='lat' dir='ltr'><strong>est,</strong></span> <span class='ocrx_word' id='word_1_67' title='bbox 689 946 747 974; x_wconf 89' lang='lat' dir='ltr'><strong>ne</strong></span> <span class='ocrx_word' id='word_1_68' title='bbox 777 932 860 975; x_wconf 85' lang='lat' dir='ltr'><strong>hac</strong></span> <span class='ocrx_word' id='word_1_69' title='bbox 880 933 1181 989; x_wconf 87' lang='lat' dir='ltr'><strong>geminatione</strong></span> <span class='ocrx_word' id='word_1_70' title='bbox 1211 933 1266 984; x_wconf 88' lang='lat' dir='ltr'><strong>ad</strong></span> <span class='ocrx_word' id='word_1_71' title='bbox 1297 933 1636 977; x_wconf 77' lang='lat' dir='ltr'><strong>correlationem</strong></span> 
     </span>
     <span class='ocr_line' id='line_1_12' title="bbox 178 1001 1636 1059; baseline 0 -13"><span class='ocrx_word' id='word_1_72' title='bbox 178 1001 459 1046; x_wconf 82' lang='lat' dir='ltr'><strong>statuendam</strong></span> <span class='ocrx_word' id='word_1_73' title='bbox 479 1002 772 1058; x_wconf 89' lang='lat' dir='ltr'><strong>pelliciamur.</strong></span> <span class='ocrx_word' id='word_1_74' title='bbox 818 1002 943 1045; x_wconf 90' lang='lat' dir='ltr'><strong>Haec</strong></span> <span class='ocrx_word' id='word_1_75' title='bbox 963 1003 1084 1045; x_wconf 91' lang='lat' dir='ltr'><strong>enim</strong></span> <span class='ocrx_word' id='word_1_76' title='bbox 1104 1008 1156 1046; x_wconf 91' lang='lat' dir='ltr'><strong>ut</strong></span> <span class='ocrx_word' id='word_1_77' title='bbox 1171 1008 1437 1059; x_wconf 84' lang='lat' dir='ltr'><strong>agnoscatur</strong></span> <span class='ocrx_word' id='word_1_78' title='bbox 1459 1007 1636 1059; x_wconf 87' lang='lat' dir='ltr'><strong>oportet</strong></span> 
     </span>
     <span class='ocr_line' id='line_1_13' title="bbox 178 1071 1634 1128; baseline 0 -14"><span class='ocrx_word' id='word_1_79' title='bbox 178 1072 264 1115; x_wconf 93' lang='lat' dir='ltr'><strong>duo</strong></span> <span class='ocrx_word' id='word_1_80' title='bbox 310 1085 405 1114; x_wconf 88' lang='lat' dir='ltr'><strong>esse</strong></span> <span class='ocrx_word' id='word_1_81' title='bbox 451 1071 697 1124; x_wconf 85' lang='lat' dir='ltr'><strong>enuntiata,</strong></span> <span class='ocrx_word' id='word_1_82' title='bbox 744 1085 855 1127; x_wconf 89' lang='lat' dir='ltr'><strong>quae</strong></span> <span class='ocrx_word' id='word_1_83' title='bbox 901 1071 999 1128; x_wconf 89' lang='lat' dir='ltr'><strong>pari</strong></span> <span class='ocrx_word' id='word_1_84' title='bbox 1043 1071 1140 1114; x_wconf 90' lang='lat' dir='ltr'><strong>iure</strong></span> <span class='ocrx_word' id='word_1_85' title='bbox 1185 1071 1389 1128; x_wconf 89' lang='lat' dir='ltr'><strong>praedita</strong></span> <span class='ocrx_word' id='word_1_86' title='bbox 1431 1072 1553 1116; x_wconf 91' lang='lat' dir='ltr'><strong>inter</strong></span> <span class='ocrx_word' id='word_1_87' title='bbox 1587 1085 1634 1115; x_wconf 87' lang='lat' dir='ltr'><strong>se</strong></span> 
     </span>
     <span class='ocr_line' id='line_1_14' title="bbox 178 1139 1635 1198; baseline 0 -14"><span class='ocrx_word' id='word_1_88' title='bbox 178 1141 487 1198; x_wconf 87' lang='lat' dir='ltr'><strong>respondeant.</strong></span> <span class='ocrx_word' id='word_1_89' title='bbox 497 1139 529 1196; x_wconf 93' lang='lat'><strong>¹)</strong></span> <span class='ocrx_word' id='word_1_90' title='bbox 590 1141 867 1198; x_wconf 85' lang='lat' dir='ltr'><strong>Exemplum</strong></span> <span class='ocrx_word' id='word_1_91' title='bbox 905 1156 1038 1185; x_wconf 87' lang='lat' dir='ltr'><strong>verae</strong></span> <span class='ocrx_word' id='word_1_92' title='bbox 1076 1142 1384 1186; x_wconf 90' lang='lat' dir='ltr'><strong>correlationis</strong></span> <span class='ocrx_word' id='word_1_93' title='bbox 1421 1147 1491 1185; x_wconf 91' lang='lat' dir='ltr'><strong>est</strong></span> <span class='ocrx_word' id='word_1_94' title='bbox 1519 1141 1635 1185; x_wconf 91' lang='lat' dir='ltr'><strong>illud</strong></span> 
     </span>
    </p>
   </div>
   <div class='ocr_carea' id='block_1_3' title="bbox 178 1209 1422 1336">
    <p class='ocr_par' dir='ltr' id='par_1_4' title="bbox 178 1209 1422 1336">
     <span class='ocr_line' id='line_1_15' title="bbox 178 1209 813 1254; baseline 0 0"><span class='ocrx_word' id='word_1_95' title='bbox 178 1211 468 1254; x_wconf 91' lang='lat' dir='ltr'><strong>Homericum</strong></span> <span class='ocrx_word' id='word_1_96' title='bbox 499 1210 527 1250; x_wconf 95' lang='grc' dir='ltr'><em>Δ</em></span> <span class='ocrx_word' id='word_1_97' title='bbox 560 1209 813 1254; x_wconf 86' lang='lat'>220—221:</span> 
     </span>
     <span class='ocr_line' id='line_1_16' title="bbox 367 1278 1422 1336; baseline 0 -17"><span class='ocrx_word' id='word_1_98' title='bbox 367 1278 477 1336; x_wconf 80' lang='grc' dir='ltr'><em>ὄφρα</em></span> <span class='ocrx_word' id='word_1_99' title='bbox 507 1280 566 1320; x_wconf 79' lang='grc' dir='ltr'><strong>τοὶ</strong></span> <span class='ocrx_word' id='word_1_100' title='bbox 596 1279 868 1335; x_wconf 81' lang='grc' dir='ltr'><em>ἀμφεπένοντο</em></span> <span class='ocrx_word' id='word_1_101' title='bbox 897 1281 997 1336; x_wconf 79' lang='grc' dir='ltr'><em>βοὴν</em></span> <span class='ocrx_word' id='word_1_102' title='bbox 1027 1281 1180 1335; x_wconf 74' lang='grc' dir='ltr'><em>ἀγαθὸν</em></span> <span class='ocrx_word' id='word_1_103' title='bbox 1212 1280 1422 1328; x_wconf 87' lang='grc' dir='ltr'><em>Μενέλαον,</em></span> 
     </span>
    </p>
   </div>
   <div class='ocr_carea' id='block_1_4' title="bbox 173 1347 1633 1614">
    <p class='ocr_par' dir='ltr' id='par_1_5' title="bbox 173 1347 1633 1614">
     <span class='ocr_line' id='line_1_17' title="bbox 367 1347 1434 1406; baseline 0 -17"><span class='ocrx_word' id='word_1_104' title='bbox 367 1349 500 1404; x_wconf 84' lang='grc' dir='ltr'><em>τόφρα</em></span> <span class='ocrx_word' id='word_1_105' title='bbox 530 1347 567 1389; x_wconf 81' lang='grc' dir='ltr'><strong>δ’</strong></span> <span class='ocrx_word' id='word_1_106' title='bbox 596 1348 654 1390; x_wconf 75' lang='grc' dir='ltr'><strong>ἐπὶ</strong></span> <span class='ocrx_word' id='word_1_107' title='bbox 689 1349 834 1405; x_wconf 82' lang='grc' dir='ltr'><em>Τρώων</em></span> <span class='ocrx_word' id='word_1_108' title='bbox 865 1351 997 1406; x_wconf 50' lang='lat' dir='ltr'><strong>‹rt-cyse</strong></span> <span class='ocrx_word' id='word_1_109' title='bbox 1025 1349 1168 1405; x_wconf 78' lang='grc' dir='ltr'><em>ἤλυθον</em></span> <span class='ocrx_word' id='word_1_110' title='bbox 1198 1349 1434 1390; x_wconf 83' lang='grc' dir='ltr'><em>ἀσπιστάων.</em></span> 
     </span>
     <span class='ocr_line' id='line_1_18' title="bbox 291 1418 1633 1476; baseline 0 -14"><span class='ocrx_word' id='word_1_111' title='bbox 291 1418 479 1476; x_wconf 82' lang='lat' dir='ltr'><strong>Semper</strong></span> <span class='ocrx_word' id='word_1_112' title='bbox 509 1418 596 1463; x_wconf 89' lang='lat' dir='ltr'><strong>duo</strong></span> <span class='ocrx_word' id='word_1_113' title='bbox 616 1420 851 1464; x_wconf 88' lang='lat' dir='ltr'><strong>enuntiata</strong></span> <span class='ocrx_word' id='word_1_114' title='bbox 872 1419 1165 1464; x_wconf 88' lang='lat' dir='ltr'><strong>discernenda</strong></span> <span class='ocrx_word' id='word_1_115' title='bbox 1186 1426 1304 1472; x_wconf 86' lang='lat' dir='ltr'><strong>sunt,</strong></span> <span class='ocrx_word' id='word_1_116' title='bbox 1336 1434 1448 1476; x_wconf 85' lang='lat' dir='ltr'><strong>quae</strong></span> <span class='ocrx_word' id='word_1_117' title='bbox 1478 1418 1633 1463; x_wconf 90' lang='lat' dir='ltr'><strong>eodem</strong></span> 
     </span>
     <span class='ocr_line' id='line_1_19' title="bbox 174 1488 1632 1545; baseline 0 -14"><span class='ocrx_word' id='word_1_118' title='bbox 174 1495 373 1545; x_wconf 89' lang='lat' dir='ltr'><strong>tempore</strong></span> <span class='ocrx_word' id='word_1_119' title='bbox 403 1489 531 1544; x_wconf 88' lang='lat' dir='ltr'><strong>quasi</strong></span> <span class='ocrx_word' id='word_1_120' title='bbox 561 1495 847 1533; x_wconf 89' lang='lat' dir='ltr'><strong>concurrunt.</strong></span> <span class='ocrx_word' id='word_1_121' title='bbox 882 1488 1078 1533; x_wconf 57' lang='lat' dir='ltr'><strong>‘Contra</strong></span> <span class='ocrx_word' id='word_1_122' title='bbox 1108 1490 1345 1533; x_wconf 85' lang='lat' dir='ltr'><strong>afferamus</strong></span> <span class='ocrx_word' id='word_1_123' title='bbox 1375 1489 1632 1545; x_wconf 87' lang='lat' dir='ltr'><strong>exemplum</strong></span> 
     </span>
     <span class='ocr_line' id='line_1_20' title="bbox 173 1556 813 1614; baseline 0 -13"><span class='ocrx_word' id='word_1_124' title='bbox 173 1558 417 1614; x_wconf 83' lang='lat' dir='ltr'><strong>particulae</strong></span> <span class='ocrx_word' id='word_1_125' title='bbox 448 1558 531 1613; x_wconf 83' lang='grc' dir='ltr'><em>πρίν</em></span> <span class='ocrx_word' id='word_1_126' title='bbox 562 1558 591 1599; x_wconf 89' lang='grc' dir='ltr'><em>Α</em></span> <span class='ocrx_word' id='word_1_127' title='bbox 620 1556 813 1603; x_wconf 83' lang='lat'><strong>97—98:</strong></span> 
     </span>
    </p>
   </div>
   <div class='ocr_carea' id='block_1_5' title="bbox 168 1627 1632 2595">
    <p class='ocr_par' dir='ltr' id='par_1_6' title="bbox 168 1627 1632 2595">
     <span class='ocr_line' id='line_1_21' title="bbox 330 1627 1359 1683; baseline 0.001 -15"><span class='ocrx_word' id='word_1_128' title='bbox 330 1627 414 1668; x_wconf 84' lang='grc' dir='ltr'><em>οὐδ’</em></span> <span class='ocrx_word' id='word_1_129' title='bbox 443 1629 514 1683; x_wconf 80' lang='grc' dir='ltr'><strong>ὅγε</strong></span> <span class='ocrx_word' id='word_1_130' title='bbox 544 1629 627 1683; x_wconf 76' lang='grc' dir='ltr'><em>πρὶν</em></span> <span class='ocrx_word' id='word_1_131' title='bbox 656 1628 842 1669; x_wconf 78' lang='grc' dir='ltr'><em>Δαναοῖσι</em></span> <span class='ocrx_word' id='word_1_132' title='bbox 870 1627 1010 1669; x_wconf 82' lang='grc' dir='ltr'><em>ἀεικέα</em></span> <span class='ocrx_word' id='word_1_133' title='bbox 1040 1629 1166 1683; x_wconf 77' lang='grc' dir='ltr'><em>λοιγὸν</em></span> <span class='ocrx_word' id='word_1_134' title='bbox 1197 1628 1359 1676; x_wconf 86' lang='grc' dir='ltr'><em>ἀπώσει,</em></span> 
     </span>
     <span class='ocr_line' id='line_1_22' title="bbox 331 1697 1472 1755; baseline 0.002 -17"><span class='ocrx_word' id='word_1_135' title='bbox 331 1700 414 1754; x_wconf 84' lang='grc' dir='ltr'><em>πρίν</em></span> <span class='ocrx_word' id='word_1_136' title='bbox 443 1697 473 1754; x_wconf 80' lang='grc' dir='ltr'><strong>γ’</strong></span> <span class='ocrx_word' id='word_1_137' title='bbox 507 1698 583 1739; x_wconf 86' lang='grc' dir='ltr'><strong>ἀπὸ</strong></span> <span class='ocrx_word' id='word_1_138' title='bbox 614 1699 728 1755; x_wconf 76' lang='grc' dir='ltr'><em>πατρὶ</em></span> <span class='ocrx_word' id='word_1_139' title='bbox 758 1699 858 1754; x_wconf 68' lang='grc' dir='ltr'><em>φιἏῳ</em></span> <span class='ocrx_word' id='word_1_140' title='bbox 889 1699 1051 1754; x_wconf 85' lang='grc' dir='ltr'><em>δόμεναι</em></span> <span class='ocrx_word' id='word_1_141' title='bbox 1080 1698 1287 1739; x_wconf 85' lang='grc' dir='ltr'><em>ἑλικώπιδα</em></span> <span class='ocrx_word' id='word_1_142' title='bbox 1317 1697 1472 1755; x_wconf 77' lang='grc' dir='ltr'><em>κούρην.</em></span> 
     </span>
     <span class='ocr_line' id='line_1_23' title="bbox 286 1768 1631 1825; baseline 0 -13"><span class='ocrx_word' id='word_1_143' title='bbox 286 1769 421 1812; x_wconf 90' lang='lat' dir='ltr'><strong>Hunc</strong></span> <span class='ocrx_word' id='word_1_144' title='bbox 444 1768 600 1812; x_wconf 88' lang='lat' dir='ltr'><strong>Iliadis</strong></span> <span class='ocrx_word' id='word_1_145' title='bbox 630 1769 780 1812; x_wconf 91' lang='lat' dir='ltr'><strong>locum</strong></span> <span class='ocrx_word' id='word_1_146' title='bbox 802 1784 884 1812; x_wconf 92' lang='lat' dir='ltr'><strong>nec</strong></span> <span class='ocrx_word' id='word_1_147' title='bbox 904 1769 1095 1813; x_wconf 89' lang='lat' dir='ltr'><strong>Richter</strong></span> <span class='ocrx_word' id='word_1_148' title='bbox 1119 1783 1201 1812; x_wconf 91' lang='lat' dir='ltr'><strong>nec</strong></span> <span class='ocrx_word' id='word_1_149' title='bbox 1227 1769 1379 1812; x_wconf 87' lang='lat' dir='ltr'><strong>Lueth</strong></span> <span class='ocrx_word' id='word_1_150' title='bbox 1411 1770 1631 1825; x_wconf 91' lang='lat' dir='ltr'><strong>optimum</strong></span> 
     </span>
     <span class='ocr_line' id='line_1_24' title="bbox 172 1837 1631 1895; baseline 0.001 -15"><span class='ocrx_word' id='word_1_151' title='bbox 172 1838 480 1882; x_wconf 88' lang='lat' dir='ltr'><strong>correlationis</strong></span> <span class='ocrx_word' id='word_1_152' title='bbox 512 1843 676 1882; x_wconf 86' lang='lat' dir='ltr'><strong>testem</strong></span> <span class='ocrx_word' id='word_1_153' title='bbox 705 1838 905 1895; x_wconf 86' lang='lat' dir='ltr'><strong>proferre</strong></span> <span class='ocrx_word' id='word_1_154' title='bbox 936 1837 1208 1891; x_wconf 86' lang='lat' dir='ltr'><strong>dubitarent,</strong></span> <span class='ocrx_word' id='word_1_155' title='bbox 1239 1839 1403 1895; x_wconf 90' lang='lat' dir='ltr'><strong>quippe</strong></span> <span class='ocrx_word' id='word_1_156' title='bbox 1433 1839 1510 1895; x_wconf 91' lang='lat' dir='ltr'><strong>qui</strong></span> <span class='ocrx_word' id='word_1_157' title='bbox 1539 1853 1631 1882; x_wconf 91' lang='lat' dir='ltr'><strong>non</strong></span> 
     </span>
     <span class='ocr_line' id='line_1_25' title="bbox 172 1907 1632 1965; baseline 0.001 -15"><span class='ocrx_word' id='word_1_158' title='bbox 172 1907 318 1951; x_wconf 89' lang='lat' dir='ltr'><strong>solum</strong></span> <span class='ocrx_word' id='word_1_159' title='bbox 339 1909 583 1964; x_wconf 81' lang='grc' dir='ltr'><em>πρίν-πρίν</em></span> <span class='ocrx_word' id='word_1_160' title='bbox 604 1908 828 1959; x_wconf 85' lang='lat' dir='ltr'><strong>exhibeat,</strong></span> <span class='ocrx_word' id='word_1_161' title='bbox 852 1907 929 1951; x_wconf 88' lang='lat' dir='ltr'><strong>sed</strong></span> <span class='ocrx_word' id='word_1_162' title='bbox 949 1908 1086 1951; x_wconf 89' lang='lat' dir='ltr'><strong>etiam</strong></span> <span class='ocrx_word' id='word_1_163' title='bbox 1105 1908 1358 1964; x_wconf 85' lang='lat' dir='ltr'><strong>negationis</strong></span> <span class='ocrx_word' id='word_1_164' title='bbox 1378 1909 1632 1965; x_wconf 88' lang='lat' dir='ltr'><strong>praesentia</strong></span> 
     </span>
     <span class='ocr_line' id='line_1_26' title="bbox 171 1975 1631 2033; baseline 0.001 -14"><span class='ocrx_word' id='word_1_165' title='bbox 171 1976 357 2019; x_wconf 88' lang='lat' dir='ltr'><strong>Luethii</strong></span> <span class='ocrx_word' id='word_1_166' title='bbox 401 1976 602 2033; x_wconf 88' lang='lat' dir='ltr'><strong>opinioni</strong></span> <span class='ocrx_word' id='word_1_167' title='bbox 647 1976 943 2026; x_wconf 85' lang='lat' dir='ltr'><strong>satisfaciat.²)</strong></span> <span class='ocrx_word' id='word_1_168' title='bbox 1005 1975 1096 2020; x_wconf 83' lang='lat' dir='ltr'><strong>Sed</strong></span> <span class='ocrx_word' id='word_1_169' title='bbox 1141 1977 1376 2019; x_wconf 86' lang='lat' dir='ltr'><strong>correlatio</strong></span> <span class='ocrx_word' id='word_1_170' title='bbox 1415 1977 1493 2020; x_wconf 93' lang='lat' dir='ltr'><strong>ubi</strong></span> <span class='ocrx_word' id='word_1_171' title='bbox 1531 1977 1631 2020; x_wconf 79' lang='lat' dir='ltr'><strong>est?</strong></span> 
     </span>
     <span class='ocr_line' id='line_1_27' title="bbox 171 2041 1629 2101; baseline 0.001 -13"><span class='ocrx_word' id='word_1_172' title='bbox 171 2045 309 2088; x_wconf 89' lang='lat' dir='ltr'><strong>Nulla</strong></span> <span class='ocrx_word' id='word_1_173' title='bbox 347 2046 435 2088; x_wconf 87' lang='lat' dir='ltr'><strong>alia</strong></span> <span class='ocrx_word' id='word_1_174' title='bbox 473 2045 544 2089; x_wconf 89' lang='lat' dir='ltr'><strong>his</strong></span> <span class='ocrx_word' id='word_1_175' title='bbox 589 2045 739 2089; x_wconf 85' lang='lat' dir='ltr'><strong>verbis</strong></span> <span class='ocrx_word' id='word_1_176' title='bbox 781 2045 935 2089; x_wconf 88' lang='lat' dir='ltr'><strong>subest</strong></span> <span class='ocrx_word' id='word_1_177' title='bbox 977 2045 1092 2088; x_wconf 87' lang='lat' dir='ltr'><strong>ratio</strong></span> <span class='ocrx_word' id='word_1_178' title='bbox 1130 2060 1262 2101; x_wconf 90' lang='lat' dir='ltr'><strong>quam</strong></span> <span class='ocrx_word' id='word_1_179' title='bbox 1301 2041 1430 2090; x_wconf 86' lang='lat' dir='ltr'><strong>haec:</strong></span> <span class='ocrx_word' id='word_1_180' title='bbox 1495 2046 1629 2089; x_wconf 91' lang='lat' dir='ltr'><strong>Actio</strong></span> 
     </span>
     <span class='ocr_line' id='line_1_28' title="bbox 170 2115 1630 2172; baseline 0.001 -14"><span class='ocrx_word' id='word_1_181' title='bbox 170 2115 382 2172; x_wconf 86' lang='lat' dir='ltr'><strong>primaria</strong></span> <span class='ocrx_word' id='word_1_182' title='bbox 425 2130 517 2159; x_wconf 92' lang='lat' dir='ltr'><strong>non</strong></span> <span class='ocrx_word' id='word_1_183' title='bbox 562 2120 666 2159; x_wconf 89' lang='lat' dir='ltr'><strong>ante</strong></span> <span class='ocrx_word' id='word_1_184' title='bbox 706 2115 1016 2159; x_wconf 85' lang='lat' dir='ltr'><strong>secundariam</strong></span> <span class='ocrx_word' id='word_1_185' title='bbox 1052 2115 1296 2172; x_wconf 86' lang='lat' dir='ltr'><strong>perfectam</strong></span> <span class='ocrx_word' id='word_1_186' title='bbox 1335 2115 1391 2159; x_wconf 87' lang='lat' dir='ltr'><strong>ad</strong></span> <span class='ocrx_word' id='word_1_187' title='bbox 1422 2115 1630 2159; x_wconf 86' lang='lat' dir='ltr'><strong>effectum</strong></span> 
     </span>
     <span class='ocr_line' id='line_1_29' title="bbox 170 2184 1629 2241; baseline 0 -12"><span class='ocrx_word' id='word_1_188' title='bbox 170 2186 333 2229; x_wconf 84' lang='lat' dir='ltr'><strong>veniet.</strong></span> <span class='ocrx_word' id='word_1_189' title='bbox 400 2184 634 2241; x_wconf 80' lang='lat' dir='ltr'><strong>Quomodo</strong></span> <span class='ocrx_word' id='word_1_190' title='bbox 674 2187 960 2230; x_wconf 89' lang='lat' dir='ltr'><strong>enuntiatum</strong></span> <span class='ocrx_word' id='word_1_191' title='bbox 998 2186 1131 2229; x_wconf 88' lang='lat' dir='ltr'><strong>certis</strong></span> <span class='ocrx_word' id='word_1_192' title='bbox 1169 2185 1336 2230; x_wconf 89' lang='lat' dir='ltr'><strong>finibus</strong></span> <span class='ocrx_word' id='word_1_193' title='bbox 1374 2185 1629 2230; x_wconf 88' lang='lat' dir='ltr'><strong>absolutum</strong></span> 
     </span>
     <span class='ocr_line' id='line_1_30' title="bbox 170 2255 1630 2313; baseline 0.001 -15"><span class='ocrx_word' id='word_1_194' title='bbox 170 2269 271 2300; x_wconf 90' lang='lat' dir='ltr'><strong>cum</strong></span> <span class='ocrx_word' id='word_1_195' title='bbox 299 2271 422 2300; x_wconf 89' lang='lat' dir='ltr'><strong>mera</strong></span> <span class='ocrx_word' id='word_1_196' title='bbox 442 2255 572 2301; x_wconf 87' lang='lat' dir='ltr'><strong>verbi</strong></span> <span class='ocrx_word' id='word_1_197' title='bbox 599 2256 774 2301; x_wconf 87' lang='lat' dir='ltr'><strong>actione</strong></span> <span class='ocrx_word' id='word_1_198' title='bbox 795 2256 1025 2301; x_wconf 87' lang='lat' dir='ltr'><strong>infinitivo</strong></span> <span class='ocrx_word' id='word_1_199' title='bbox 1057 2270 1270 2313; x_wconf 85' lang='lat' dir='ltr'><strong>expressa</strong></span> <span class='ocrx_word' id='word_1_200' title='bbox 1290 2255 1630 2301; x_wconf 86' lang='lat' dir='ltr'><strong>correlationem</strong></span> 
     </span>
     <span class='ocr_line' id='line_1_31' title="bbox 168 2326 1631 2382; baseline 0.001 -13"><span class='ocrx_word' id='word_1_201' title='bbox 168 2326 283 2370; x_wconf 92' lang='lat' dir='ltr'><strong>inire</strong></span> <span class='ocrx_word' id='word_1_202' title='bbox 312 2327 493 2382; x_wconf 82' lang='lat' dir='ltr'><strong>potest?</strong></span> <span class='ocrx_word' id='word_1_203' title='bbox 551 2326 676 2370; x_wconf 89' lang='lat' dir='ltr'><strong>Haec</strong></span> <span class='ocrx_word' id='word_1_204' title='bbox 706 2327 827 2369; x_wconf 90' lang='lat' dir='ltr'><strong>enim</strong></span> <span class='ocrx_word' id='word_1_205' title='bbox 857 2327 1078 2371; x_wconf 85' lang='lat' dir='ltr'><strong>infinitivi</strong></span> <span class='ocrx_word' id='word_1_206' title='bbox 1108 2327 1223 2371; x_wconf 88' lang='lat' dir='ltr'><strong>actio</strong></span> <span class='ocrx_word' id='word_1_207' title='bbox 1260 2332 1414 2371; x_wconf 89' lang='lat' dir='ltr'><strong>utrum</strong></span> <span class='ocrx_word' id='word_1_208' title='bbox 1442 2341 1493 2370; x_wconf 90' lang='lat' dir='ltr'><strong>re</strong></span> <span class='ocrx_word' id='word_1_209' title='bbox 1522 2342 1631 2371; x_wconf 82' lang='lat' dir='ltr'><strong>vera</strong></span> 
     </span>
     <span class='ocr_line' id='line_1_32' title="bbox 168 2395 1629 2453; baseline 0 -14"><span class='ocrx_word' id='word_1_210' title='bbox 168 2397 437 2452; x_wconf 88' lang='lat' dir='ltr'><strong>perficiatur,</strong></span> <span class='ocrx_word' id='word_1_211' title='bbox 469 2410 528 2440; x_wconf 89' lang='lat' dir='ltr'><strong>an</strong></span> <span class='ocrx_word' id='word_1_212' title='bbox 558 2396 753 2453; x_wconf 86' lang='lat' dir='ltr'><strong>cogitata</strong></span> <span class='ocrx_word' id='word_1_213' title='bbox 782 2402 960 2440; x_wconf 88' lang='lat' dir='ltr'><strong>tantum</strong></span> <span class='ocrx_word' id='word_1_214' title='bbox 989 2397 1253 2453; x_wconf 86' lang='lat' dir='ltr'><strong>imperfecta</strong></span> <span class='ocrx_word' id='word_1_215' title='bbox 1281 2401 1472 2450; x_wconf 87' lang='lat' dir='ltr'><strong>maneat,</strong></span> <span class='ocrx_word' id='word_1_216' title='bbox 1512 2395 1629 2440; x_wconf 92' lang='lat' dir='ltr'><strong>nihil</strong></span> 
     </span>
     <span class='ocr_line' id='line_1_33' title="bbox 168 2466 1627 2523; baseline 0.001 -15"><span class='ocrx_word' id='word_1_217' title='bbox 168 2480 350 2520; x_wconf 90' lang='lat' dir='ltr'><strong>prorsus</strong></span> <span class='ocrx_word' id='word_1_218' title='bbox 381 2466 532 2509; x_wconf 81' lang='lat' dir='ltr'><strong>refert.</strong></span> <span class='ocrx_word' id='word_1_219' title='bbox 594 2466 743 2509; x_wconf 86' lang='lat' dir='ltr'><strong>Multo</strong></span> <span class='ocrx_word' id='word_1_220' title='bbox 774 2473 924 2509; x_wconf 89' lang='lat' dir='ltr'><strong>autem</strong></span> <span class='ocrx_word' id='word_1_221' title='bbox 951 2467 1092 2523; x_wconf 86' lang='lat' dir='ltr'><strong>magis</strong></span> <span class='ocrx_word' id='word_1_222' title='bbox 1114 2467 1228 2510; x_wconf 92' lang='lat' dir='ltr'><strong>mihi</strong></span> <span class='ocrx_word' id='word_1_223' title='bbox 1247 2467 1414 2509; x_wconf 87' lang='lat' dir='ltr'><strong>mirum</strong></span> <span class='ocrx_word' id='word_1_224' title='bbox 1433 2466 1627 2518; x_wconf 83' lang='lat' dir='ltr'><strong>videtur,</strong></span> 
     </span>
     <span class='ocr_line' id='line_1_34' title="bbox 168 2534 1628 2595; baseline 0.002 -16"><span class='ocrx_word' id='word_1_225' title='bbox 168 2534 285 2592; x_wconf 89' lang='lat' dir='ltr'><strong>quod</strong></span> <span class='ocrx_word' id='word_1_226' title='bbox 315 2540 407 2580; x_wconf 85' lang='lat' dir='ltr'><strong>tres</strong></span> <span class='ocrx_word' id='word_1_227' title='bbox 438 2535 508 2580; x_wconf 91' lang='lat' dir='ltr'><strong>illi</strong></span> <span class='ocrx_word' id='word_1_228' title='bbox 537 2535 629 2581; x_wconf 83' lang='lat' dir='ltr'><strong>viri</strong></span> <span class='ocrx_word' id='word_1_229' title='bbox 659 2551 715 2581; x_wconf 87' lang='lat' dir='ltr'><strong>ex</strong></span> <span class='ocrx_word' id='word_1_230' title='bbox 746 2536 977 2582; x_wconf 87' lang='lat' dir='ltr'><strong>infinitivo</strong></span> <span class='ocrx_word' id='word_1_231' title='bbox 1006 2536 1161 2581; x_wconf 87' lang='lat' dir='ltr'><strong>modos</strong></span> <span class='ocrx_word' id='word_1_232' title='bbox 1191 2537 1345 2582; x_wconf 86' lang='lat' dir='ltr'><strong>finitos</strong></span> <span class='ocrx_word' id='word_1_233' title='bbox 1366 2536 1628 2595; x_wconf 84' lang='lat' dir='ltr'><strong>provenisse</strong></span> 
     </span>
    </p>
   </div>
   <div class='ocr_carea' id='block_1_6' title="bbox 168 2618 445 2625">
    <p class='ocr_par' dir='ltr' id='par_1_7' title="bbox 168 2618 445 2625">
     <span class='ocr_line' id='line_1_35' title="bbox 168 2618 445 2625; baseline 0 550"><span class='ocrx_word' id='word_1_234' title='bbox 168 2618 445 2625; x_wconf 95' lang='lat' dir='ltr'><strong> </strong></span> 
     </span>
    </p>
   </div>
   <div class='ocr_carea' id='block_1_7' title="bbox 166 2649 1629 2872">
    <p class='ocr_par' dir='ltr' id='par_1_8' title="bbox 166 2649 1629 2756">
     <span class='ocr_line' id='line_1_36' title="bbox 285 2649 1629 2698; baseline 0.001 -11"><span class='ocrx_word' id='word_1_235' title='bbox 285 2650 312 2696; x_wconf 93' lang='lat' dir='ltr'><strong>l)</strong></span> <span class='ocrx_word' id='word_1_236' title='bbox 336 2649 434 2687; x_wconf 87' lang='lat' dir='ltr'><strong>Vide</strong></span> <span class='ocrx_word' id='word_1_237' title='bbox 457 2650 645 2698; x_wconf 82' lang='lat' dir='ltr'><strong>Hartung‚</strong></span> <span class='ocrx_word' id='word_1_238' title='bbox 676 2650 825 2688; x_wconf 84' lang='lat' dir='ltr'><strong>Griech.</strong></span> <span class='ocrx_word' id='word_1_239' title='bbox 850 2650 1045 2688; x_wconf 86' lang='lat' dir='ltr'><strong>Partikeln</strong></span> <span class='ocrx_word' id='word_1_240' title='bbox 1075 2661 1164 2698; x_wconf 87' lang='lat' dir='ltr'><strong>pag.</strong></span> <span class='ocrx_word' id='word_1_241' title='bbox 1198 2651 1253 2688; x_wconf 89' lang='grc'><strong>61.</strong></span> <span class='ocrx_word' id='word_1_242' title='bbox 1303 2651 1555 2697; x_wconf 72' lang='lat' dir='ltr'><strong>‚Coi-relation</strong></span> <span class='ocrx_word' id='word_1_243' title='bbox 1577 2650 1629 2688; x_wconf 86' lang='lat' dir='ltr'><strong>ist</strong></span> 
     </span>
     <span class='ocr_line' id='line_1_37' title="bbox 166 2708 1190 2756; baseline 0.001 -11"><span class='ocrx_word' id='word_1_244' title='bbox 166 2708 355 2755; x_wconf 85' lang='lat' dir='ltr'><strong>Einklang</strong></span> <span class='ocrx_word' id='word_1_245' title='bbox 379 2710 455 2746; x_wconf 92' lang='lat' dir='ltr'><strong>und</strong></span> <span class='ocrx_word' id='word_1_246' title='bbox 479 2709 782 2756; x_wconf 85' lang='lat' dir='ltr'><strong>Wechselbezug</strong></span> <span class='ocrx_word' id='word_1_247' title='bbox 805 2710 1007 2755; x_wconf 85' lang='lat' dir='ltr'><strong>paralleler</strong></span> <span class='ocrx_word' id='word_1_248' title='bbox 1032 2709 1190 2747; x_wconf 87' lang='lat' dir='ltr'><strong>Saetze.‘</strong></span> 
     </span>
    </p>

    <p class='ocr_par' dir='ltr' id='par_1_9' title="bbox 283 2766 1139 2815">
     <span class='ocr_line' id='line_1_38' title="bbox 283 2766 1139 2815; baseline -0.001 -11"><span class='ocrx_word' id='word_1_249' title='bbox 283 2766 338 2804; x_wconf 85' lang='lat' dir='ltr'><strong>Cf.</strong></span> <span class='ocrx_word' id='word_1_250' title='bbox 364 2766 533 2804; x_wconf 84' lang='lat' dir='ltr'><strong>Curtium</strong></span> <span class='ocrx_word' id='word_1_251' title='bbox 556 2767 595 2803; x_wconf 91' lang='lat' dir='ltr'><strong>in</strong></span> <span class='ocrx_word' id='word_1_252' title='bbox 618 2767 922 2814; x_wconf 62' lang='lat' dir='ltr'><strong>Erlauterungen</strong></span> <span class='ocrx_word' id='word_1_253' title='bbox 946 2778 1034 2815; x_wconf 86' lang='lat' dir='ltr'><strong>pag.</strong></span> <span class='ocrx_word' id='word_1_254' title='bbox 1061 2768 1139 2803; x_wconf 87' lang='lat'>190.</span> 
     </span>
    </p>

    <p class='ocr_par' dir='ltr' id='par_1_10' title="bbox 281 2825 734 2872">
     <span class='ocr_line' id='line_1_39' title="bbox 281 2825 734 2872; baseline 0 -10"><span class='ocrx_word' id='word_1_255' title='bbox 281 2826 311 2870; x_wconf 79' lang='lat'><strong>²)</strong></span> <span class='ocrx_word' id='word_1_256' title='bbox 335 2825 468 2871; x_wconf 87' lang='lat' dir='ltr'><strong>Lueth,</strong></span> <span class='ocrx_word' id='word_1_257' title='bbox 493 2826 515 2862; x_wconf 93' lang='lat' dir='ltr'><strong>l.</strong></span> <span class='ocrx_word' id='word_1_258' title='bbox 540 2826 563 2862; x_wconf 95' lang='lat' dir='ltr'><strong>l.</strong></span> <span class='ocrx_word' id='word_1_259' title='bbox 588 2837 677 2872; x_wconf 88' lang='lat' dir='ltr'><strong>pag.</strong></span> <span class='ocrx_word' id='word_1_260' title='bbox 703 2827 734 2862; x_wconf 83' lang='lat'><strong>7.</strong></span> 
     </span>
    </p>
   </div>
  </div>
 </body>
</html>
