1836 3175
192 199 252 246 38

192 328 395 373 Verbum
424 329 543 372 enim
572 341 730 383 regens
759 329 830 369 est
858 324 998 380 ἀμῦναι
1014 324 1100 388 ἱοὐκ
1128 323 1313 367 ἐδύναντο
1320 341 1332 380 ;
1362 326 1479 371 illud
1502 326 1645 382 εζογον,

193 398 308 454 quod
344 397 494 454 paullo
523 401 625 438 ante
655 395 835 451 legitur,
873 395 1130 452 parenthesi
1162 394 1364 439 additum
1387 401 1474 449 est,
1513 410 1645 452 quam

194 467 397 511 Stahlius
435 465 559 509 uncis
590 463 823 508 indicavit.

307 536 377 578 Ac
406 535 599 590 primum
639 532 819 587 quidem
856 548 936 576 sex
977 534 1057 576 illa
1095 534 1302 590 exempla
1339 534 1644 587 tractabimus,

191 619 302 659 quae
342 602 395 646 ad
436 601 706 646 sententiam
743 602 1064 648 affirmativam
1100 604 1342 660 pertinent.
1405 602 1556 658 Quum
1586 603 1645 647 si-

193 674 317 717 milia
346 672 540 715 eiusdem
563 671 774 714 dictionis
796 672 1003 728 exempla
1021 673 1111 715 nisi
1141 673 1259 728 apud
1278 678 1432 729 poetas
1452 673 1645 730 tragicos

189 743 280 785 fere
309 757 401 785 non
429 741 735 793 inveniantur,
767 742 841 785 hic
870 756 979 785 usus
1001 743 1233 786 Atticismi
1261 744 1523 787 vetustioris
1544 758 1646 800 pro-

188 811 311 867 prius
354 810 493 853 fuisse
533 810 724 854 videtur.
786 811 883 853 Iam
921 811 1172 854 rectissime
1211 812 1362 855 Lueth
1401 813 1642 855 Prausium

188 881 477 936 vituperavit,
531 880 648 935 quod
702 880 824 923 hunc
867 896 999 923 usum
1043 881 1265 935 imprimis
1310 882 1644 924 memorabilem

188 956 276 994 tam
307 949 472 994 leviter
490 950 655 1008 attigit.
718 950 878 1006 Itaque
900 950 995 1007 ipse
1016 949 1207 1005 quidem,
1240 964 1507 1006 quamquam
1528 950 1645 1008 apud

187 1026 384 1063 oratores
428 1020 608 1064 Atticos
651 1034 741 1063 uno
781 1020 1023 1063 Aeschinis
1059 1020 1107 1062 in
1146 1020 1347 1063 oratione
1385 1021 1647 1064 Timarchea

187 1089 284 1132 loco
323 1093 512 1145 excepto
548 1089 632 1144 νφίν
668 1102 770 1132 eum
806 1088 1051 1133 indicativo
1096 1088 1386 1132 antecedente
1423 1091 1647 1135 sententia

187 1159 463 1202 affirmativa
507 1173 600 1202 non
644 1164 807 1212 exstat,
859 1159 1108 1202 accuratius
1162 1159 1215 1201 de
1258 1159 1341 1201 hac
1385 1174 1434 1202 re
1478 1160 1607 1204 dixit.
1619 1161 1646 1210 ¹)

187 1229 338 1284 Atque
375 1227 454 1271 ille
493 1227 672 1285 quidem
709 1242 767 1272 ne
807 1242 912 1272 suae
949 1228 1091 1285 ipsius
1130 1228 1183 1272 de
1213 1229 1296 1284 πρίν
1334 1229 1647 1273 coniunctione

186 1299 438 1341 sententiae
488 1299 537 1342 in
587 1299 814 1354 prooemio
864 1300 1094 1354 expositae
1144 1299 1479 1351 adversaretur,
1530 1300 1647 1343 hane

185 1367 429 1412 dictionem
477 1368 605 1424 quasi
655 1373 786 1413 extra
839 1368 1040 1426 regulam
1090 1382 1256 1424 ponere
1306 1374 1485 1412 coaetus
1536 1375 1642 1414 erat.

186 1438 392 1492 Namque
421 1438 553 1481 initio
584 1438 913 1481 dissertationis
946 1438 1184 1487 ,sententia
1203 1437 1493 1480 antecedente
1514 1428 1647 1494 nega-

186 1507 281 1550 tiva
311 1508 395 1561 πρίν
426 1506 736 1550 correlationis
758 1507 834 1551 via
855 1507 1183 1550 coniunctionis
1204 1512 1412 1551 naturam
1431 1507 1645 1552 induisse‘

186 1577 431 1629 dixerat32)
469 1590 558 1631 qua
598 1591 655 1619 ex
693 1591 742 1619 re
784 1577 988 1632 sequitur
1028 1591 1130 1619 eum
1171 1576 1324 1620 modos
1363 1578 1517 1621 finitos
1558 1579 1645 1621 nisi

183 1646 408 1689 sententia
452 1645 743 1689 antecedente
785 1646 997 1702 negativa
1038 1646 1277 1690 concedere
1322 1661 1415 1690 non
1453 1662 1595 1703 posse.
1604 1646 1644 1703 ³)

182 1715 325 1759 Valde
359 1729 463 1758 eum
507 1715 577 1758 his
615 1716 821 1771 quamvis
852 1715 1018 1772 paucis,
1058 1720 1208 1759 tamen
1247 1730 1338 1759 non
1366 1717 1516 1760 minus
1546 1732 1646 1775 gra-

183 1786 315 1829 vibus
337 1786 460 1839 locis,
494 1786 570 1841 qui
592 1785 891 1830 indicativum
911 1791 1015 1842 post
1035 1787 1307 1830 sententiam
1328 1787 1647 1831 affirmativam

186 1856 423 1912 praebent,
476 1856 724 1899 cruciatum
774 1870 871 1899 esse
920 1856 1051 1899 facile
1100 1856 1393 1913 intellegitur.
1479 1859 1646 1903 Nostra

181 1932 333 1970 autem
363 1926 478 1969 ratio
517 1931 694 1969 tantum
725 1925 863 1978 abest,
904 1932 955 1969 ut
993 1926 1249 1970 huiusmodi
1280 1929 1520 1971 structuris
1551 1934 1646 1972 tur-

181 1996 328 2047 betur,
361 2001 414 2039 ut
444 1996 748 2039 confirmetur.
811 1994 980 2038 Utrum
1018 1996 1196 2053 negatio
1227 1997 1461 2041 antecedat
1490 2012 1644 2052 necne,

181 2080 310 2122 quam
360 2065 492 2122 parvi
540 2066 734 2119 intersit,
788 2066 919 2110 modo
972 2065 1280 2110 demonstrare
1333 2067 1645 2123 studuimus.⁴)

182 2135 315 2189 Quod
335 2140 556 2191 quatenus
587 2136 642 2178 ad
673 2137 794 2180 locos
817 2135 1129 2192 Thucydideos
1150 2136 1313 2189 valeat,
1341 2137 1514 2181 duobus
1535 2138 1646 2182 loeis

179 2206 298 2249 inter
357 2219 404 2249 se
465 2205 734 2262 comparatis
792 2210 1056 2250 statuamus
1146 2205 1337 2262 Legitur
1388 2206 1425 2258 I,
1476 2205 1545 2259 51,
1597 2206 1643 2250 2:

180 2274 407 2329 ἐθάυμαζον
459 2274 552 2319 τοὺς·
594 2275 824 2331 Κορινθίους
869 2274 1040 2330 πρύμναν
1074 2274 1369 2330 ’κρουομένους,
1416 2277 1499 2331 πρίν
1549 2290 1649 2321 τινες

180 2345 328 2390 ἰδόντες
356 2345 462 2386 εἶπον
493 2345 551 2386 ὅτι
580 2348 671 2401 νῆες
697 2345 843 2387 ἐκεῖναι
873 2344 1102 2386 ἐπιπλέουσι.
1161 2345 1356 2390 Actione
1387 2344 1648 2390 secundaria

180 2416 381 2459 intrante
431 2415 547 2459 actio
598 2416 813 2471 primaria
862 2415 1089 2472 extemplo
1140 2415 1271 2459 finita
1315 2421 1397 2459 est.
1472 2415 1645 2462 Eodem

181 2484 309 2528 modo
341 2485 432 2535 III,
469 2485 562 2537 101,
605 2485 631 2528 2
669 2500 717 2528 se
754 2485 909 2530 habet:
951 2486 1016 2526 καὶ
1037 2484 1153 2526 Ὑαῖοι
1182 2485 1254 2525 οὐκ
1284 2484 1430 2526 ἔδοσαν
1460 2487 1644 2542 ὁμήρους,

188 2555 269 2608 πρὶν
311 2554 437 2594 αὐτῶν
483 2555 585 2594 εἷλον
629 2554 775 2610 κώμην.
842 2556 989 2611 Hyaei
1042 2556 1161 2598 enim
1214 2555 1388 2599 obsides
1441 2571 1645 2600 recusare

298 2670 324 2712 ¹)
349 2669 463 2714 Idem,
489 2669 511 2704 l.
537 2669 559 2704 l.
584 2679 672 2714 pag.
698 2670 846 2720 37—39.

298 2725 326 2768 ²)
351 2725 482 2770 Lueth,
507 2726 530 2761 l.
556 2726 578 2761 l.
604 2736 692 2771 pag.
719 2727 750 2761 7.

296 2783 327 2825 3)
352 2783 483 2829 Lueth,
509 2784 530 2819 1.
556 2785 578 2820 l.
605 2795 693 2830 pag.
719 2785 774 2820 35.

296 2841 325 2887 ⁴)
352 2840 407 2878 Cf.
432 2852 519 2889 pag.
545 2843 592 2879 33
617 2846 655 2879 et
679 2842 735 2879 34.
