1836 3175
209 246 265 290 26

209 374 373 418 clarius
412 379 634 431 appareat,
673 372 810 429 priori
857 374 1118 430 plerumque
1162 372 1362 417 membro
1401 387 1557 417 vocem
1600 374 1662 414 νῦν

208 443 412 499 adiungit
442 442 536 498 (Ἀν.
567 442 673 493 VII,
708 441 746 493 7,
778 440 855 495 353
888 444 982 499 Κυρ.
1021 445 1122 484 παιδ.
1152 445 1209 496 V,
1242 444 1280 496 2,
1313 442 1368 487 36
1379 459 1390 496 ;
1418 442 1523 482 ζΕλλ.
1552 443 1661 494 VII,

208 513 248 563 5,
295 511 368 565 773
416 510 541 552 Ἀπολ.
585 511 717 565 Σωκρ.
764 509 792 567 ξ
831 511 923 564 24).
999 513 1119 558 Huic
1162 512 1468 568 exemplorum
1509 513 1661 567 generi

207 591 455 622 asseramus
485 579 579 633 Περ.
610 580 684 617 ἱππ.
717 576 757 630 3,
796 580 860 631 11,
893 581 1010 634 quod
1041 582 1129 624 etsi
1157 596 1248 624 non
1279 595 1402 624 mero
1438 594 1663 636 compara-

206 649 302 692 tivo
331 648 601 691 instructum
632 653 713 698 est,
746 647 894 704 ellipsi
916 654 1067 692 tamen
1087 650 1225 693 simili
1256 649 1542 706 conspicuum
1573 654 1655 692 est:

205 718 242 756 εἷ
265 716 523 769 πεπονηκότος
550 714 623 769 ἤδη
644 718 712 755 τοῦ
742 717 852 756 ἵππου
879 718 985 757 πάλιν
1016 723 1185 773 πειρῷτο
1212 723 1330 759 ποιεῖν
1360 720 1482 759 ταῦτα
1512 719 1662 772 ὅσαπερ

205 785 285 840 πρὶν
316 783 514 840 ἄρξασθαι
544 783 709 826 ἱππεύειν
743 784 843 840 (sel.
882 785 1034 839 ἐποίει).
1095 787 1296 832 Multum
1334 794 1483 832 autem
1513 788 1663 832 differt

203 855 315 898 ratio
357 855 491 897 unius
524 854 829 911 Cyropaediae
865 856 953 900 loci
983 858 1040 909 V,
1073 856 1113 907 3,
1146 856 1215 909 30,
1257 872 1344 912 quo
1376 864 1480 901 ante
1511 859 1662 901 infini-

202 925 347 968 tivum
369 923 558 968 verbum
573 939 732 982 regens
754 940 809 968 cx
827 926 1107 970 antecedenti
1124 928 1356 970 enuntiato
1372 928 1661 984 repetendum

201 1000 269 1037 est
299 994 500 1044 (Γαδάτας-
536 994 744 1049 διέτςοαξεν
782 996 808 1034 ἃ
848 997 963 1036 δοκεῖ
995 999 1106 1035 πᾶσιν
1144 996 1228 1049 ἡμῖν
1264 997 1402 1036 πολλοῦ
1434 995 1525 1042 ἄξια
1555 997 1661 1045 εἶναι,

199 1064 277 1102 καὶ
308 1064 457 1102 ταῦτα
488 1064 593 1118 πρὶν
623 1065 688 1104 καὶ
719 1065 845 1104 ὁτιοῦν
876 1063 936 1119 ὑφ’
971 1065 1077 1119 ἡμῶν
1108 1065 1261 1119 ἀγαθὸν
1291 1065 1460 1116 παθεῖν).

315 1131 436 1176 Aliis
467 1147 642 1188 quoque
672 1133 783 1177 locis
814 1149 937 1178 mera
968 1134 1300 1190 comparatione
1331 1134 1507 1178 sublata
1536 1135 1662 1189 quasi

199 1201 450 1244 ιὶντιθετικῶς
486 1201 594 1245 haec
625 1203 845 1246 infinitivi
882 1208 1111 1247 structura
1140 1218 1166 1246 a
1195 1203 1498 1259 Xenophonte
1533 1218 1663 1246 usur-

199 1276 330 1325 patur
362 1268 432 1310 Ἀν.
463 1270 571 1323 VII,
604 1271 643 1324 7,
676 1273 722 1315 5;
762 1274 845 1327 πρὶν
864 1273 969 1327 ’ὑμῖν
1006 1274 1109 1327 φίλοι
1145 1273 1333 1327 γενέσθαι
1372 1272 1661 1328 ἐπορευόμεθα·

198 1339 280 1379 ἐπεὶ
311 1338 357 1379 δὲ
388 1341 471 1394 ἡμῖν
503 1342 605 1394 φίλοι
637 1340 829 1395 ἐγένεσθε
853 1368 902 1373 -
928 1345 989 1383 νῦν
1021 1343 1069 1398 δή
1099 1344 1179 1382 κτλ.
1229 1340 1299 1385 Cf.
1323 1341 1401 1383 Ἀν.
1422 1342 1529 1394 VII,
1563 1341 1602 1393 7,
1635 1342 1659 1383 9

204 1418 249 1453 ct
307 1409 377 1462 46,
437 1410 515 1454 ubi
576 1412 805 1467 responsio
860 1414 1033 1457 voculis
1091 1413 1165 1467 μέν
1210 1437 1268 1443 --
1318 1412 1368 1453 δέ
1424 1412 1660 1456 indicatur.

200 1480 447 1524 Addendus
493 1488 562 1524 est
606 1482 767 1525 similis
812 1483 936 1527 loeus
984 1482 1134 1538 Ἀπομν.
1181 1483 1217 1535 Ι,
1257 1482 1297 1535 2,
1343 1482 1412 1535 22,
1458 1482 1536 1526 ubi
1580 1498 1660 1539 pro

199 1551 431 1594 enuntiato
491 1566 518 1593 a
577 1552 894 1596 coniunctione
960 1553 1051 1593 ἐπεί
1102 1553 1317 1608 pendenti
1376 1553 1663 1608 participium

197 1608 428 1663 invenitur
460 1620 686 1675 (δυνάμενοι
716 1622 928 1676 φείδεσθαι
958 1624 1061 1678 πρὶν
1092 1622 1229 1677 ἐρᾶν,
1263 1621 1579 1678 ἐρασθέντες
1607 1620 1660 1661 δὲ

196 1690 325 1731 οὐκέτι
355 1688 569 1739 δύνανται).
622 1691 727 1736 Non
748 1691 1106 1736 obliviscendum
1136 1700 1206 1736 cst
1226 1694 1376 1736 omnia
1404 1691 1660 1735 huiusmodi

196 1760 491 1816 oppositionis
542 1760 749 1816 exempla
793 1767 979 1818 excepto
1029 1776 1118 1805 uno
1171 1760 1289 1813 (Ἕλλ.
1336 1762 1443 1813 VII,
1490 1762 1529 1812 5,
1581 1760 1657 1815 77)

195 1830 392 1873 inveniri
406 1830 457 1873 in
478 1829 769 1883 orationibus,
793 1831 1003 1886 quoniam
1027 1831 1235 1875 dictionis
1257 1831 1441 1875 huiusce
1461 1831 1660 1887 gravitas

197 1900 365 1943 oratori
394 1900 618 1956 imprimis
650 1906 755 1956 apta
784 1907 866 1945 cst.

308 1971 405 2014 Iam
436 1971 698 2014 nominandi
729 1977 838 2014 sunt
859 1971 1066 2015 undecim
1096 1972 1195 2024 loci,
1239 1972 1315 2026 qui
1346 1972 1393 2014 in
1426 1971 1660 2015 enuntiato

195 2039 406 2094 primario
437 2039 628 2083 verbum
665 2039 829 2093 φθάνειν
867 2040 1096 2084 exhibent.
1171 2040 1340 2084 Novics
1373 2040 1660 2083 coniunctum

194 2113 261 2151 est
306 2122 408 2151 cum
445 2108 682 2164 participio
730 2109 993 2164 plerumque
1029 2110 1186 2152 aoristi
1225 2107 1345 2159 (Ἕλλ.
1391 2110 1448 2159 V,
1496 2109 1535 2161 4,
1582 2107 1657 2160 49;

193 2178 274 2230 VI,
322 2178 361 2230 5,
409 2176 455 2230 9;
502 2177 597 2234 Κυρ.
642 2178 745 2218 παιδ.
784 2179 872 2231 ΙΙΙ,
922 2180 955 2231 1,
1000 2178 1070 2233 19;
1116 2179 1203 2232 ΙΙΙ,
1247 2178 1287 2232 2,
1328 2178 1376 2232 4;
1423 2179 1505 2231 IV,
1544 2179 1577 2230 1,
1610 2176 1658 2231 3;

195 2248 301 2300 VII,
344 2249 384 2301 5,
425 2247 481 2291 39
492 2264 503 2301 ;
539 2246 708 2304 Ἱππαρχ.
742 2248 780 2299 7,
830 2249 912 2301 10),
954 2250 1091 2292 semel
1130 2249 1380 2306 praesentis
1421 2247 1539 2299 (EM.
1576 2249 1658 2300 VI,

195 2318 234 2368 4,
266 2317 357 2370 21),
407 2318 544 2362 semel
590 2318 779 2373 perfecti
816 2320 932 2374 (Κυρ.
974 2320 1076 2360 παιδ.
1116 2320 1177 2371 ΙΙ,
1218 2318 1258 2370 4,
1300 2318 1388 2369 25).
1449 2318 1658 2373 Reliquis

194 2387 364 2431 duobus
409 2388 532 2441 locis,
580 2403 636 2431 nc
680 2389 822 2432 oratio
863 2389 1017 2433 durior
1061 2390 1155 2441 fiat,
1202 2388 1490 2445 participium
1522 2387 1657 2439 deest,

192 2459 295 2513 quia-
340 2458 494 2512 φθάσαι
546 2459 804 2503 infinitivus
858 2460 953 2514 ipse
1000 2474 1026 2501 a
1070 2458 1307 2514 participio
1357 2458 1446 2500 alio
1494 2458 1658 2513 pendet

194 2526 288 2579 (Ἀν.
323 2528 386 2580 ΙΙ,
419 2528 459 2580 5,
493 2528 518 2570 5
552 2533 597 2571 et
626 2528 709 2580 IV,
746 2528 782 2579 1,
814 2527 876 2583 4).

310 2597 408 2640 Illis
424 2612 536 2653 quac
554 2598 713 2641 ultimo
732 2598 827 2641 loco
844 2598 1080 2648 attulimus
1097 2599 1315 2654 exemplis
1332 2599 1419 2641 iam
1442 2598 1656 2640 transitus

196 2667 249 2709 fit
283 2666 336 2709 ad
380 2681 535 2710 eorum
579 2668 781 2711 locorum
824 2667 1039 2718 ordinem,
1086 2682 1218 2723 quem
1263 2683 1361 2725 pag.
1406 2667 1462 2711 24
1514 2668 1655 2725 tetigi.

197 2735 347 2790 Quum
390 2738 660 2790 infinitivus,
709 2738 762 2780 dc
807 2752 893 2793 quo
939 2737 1070 2781 modo
1108 2739 1360 2794 quaesitum
1403 2744 1485 2791 cst,
1532 2738 1660 2780 nulla

194 2806 441 2854 sententiae
490 2808 728 2862 primariae
788 2808 961 2850 ratione
1017 2807 1172 2851 habita
1223 2808 1412 2851 subiecti
1471 2807 1658 2850 arbitrio

194 2874 308 2917 liber
339 2880 420 2928 est,
459 2876 511 2929 is,
553 2890 684 2932 quem
722 2891 842 2920 nunc
885 2877 1120 2920 tractaturi
1152 2892 1320 2930 sumus,
1359 2878 1408 2920 in
1439 2876 1658 2919 dicionem
