1836 3175
185 193 237 238 16

176 321 291 364 mihi
311 321 532 377 persuasi.
595 319 813 363 Bothium
829 317 861 372 ¹)
892 330 1030 373 quum
1057 316 1355 373 Antiphontis
1384 322 1434 361 ct
1451 317 1632 374 Thucy-

178 390 293 433 didis
344 390 583 434 dictionem
633 389 753 431 inter
802 401 849 430 se
911 399 1168 441 comparare
1227 384 1463 438 studuerit,
1523 386 1632 430 haec

177 459 425 503 similitudo
472 458 602 502 valde
646 456 948 501 memorabilis
1000 455 1131 511 fugit.
1186 454 1410 506 ‚Fortasse
1461 454 1633 511 aliquid

177 528 349 572 confert
387 527 442 571 ad
480 532 742 585 argumenta
771 539 925 569 eorum
963 524 1302 576 corroboranda,
1344 524 1422 580 qui
1453 523 1632 581 Thucy-

176 598 323 640 didem
360 598 415 639 ab
445 596 729 651 Antiphonte
767 595 972 638 doctrina
1011 595 1237 638 rhetorica
1271 594 1497 638 imbutum
1534 608 1631 636 csse

175 664 465 709 contendunt.

287 735 384 777 Iam
429 739 708 777 transcamus
752 733 808 775 ad
853 733 1042 776 alteram
1097 732 1407 789 exemplorum
1455 733 1629 785 seriem,

173 817 361 859 quorum
382 803 665 846 enuntiatum
681 802 947 859 primarium
961 802 1015 845 ad
1031 806 1209 858 tempus
1225 801 1429 845 futurum
1444 806 1629 859 spectat.

172 874 346 915 Harum
368 873 577 915 classium
598 873 724 927 quasi
745 873 793 914 in
815 873 1010 915 confinio
1031 872 1220 916 verbum
1241 871 1404 926 φθάνειν
1433 871 1631 927 positum

172 948 260 995 θεῖ,
306 956 410 985 nam
455 942 661 999 propriae
707 941 1023 998 praeveniendi
1067 941 1388 999 significationi
1431 941 1631 985 admixta

173 1019 304 1068 atque
363 1012 574 1068 adspersa
623 1019 692 1055 est
742 1012 954 1056 voluntas
1014 1012 1228 1068 quaedam
1288 1011 1526 1069 appetendi
1584 1018 1631 1056 et

174 1081 390 1137 captandi.
455 1080 632 1137 Septies
662 1082 780 1137 apud
807 1082 1116 1138 Thucydidem
1145 1088 1389 1139 usurpatur
1418 1088 1630 1137 sequente

173 1150 391 1207 particula
421 1152 517 1206 πρίν,
553 1151 618 1195 ita
648 1159 699 1195 ut
729 1158 889 1207 quater
920 1167 1021 1195 cum
1051 1152 1202 1196 verbis
1233 1151 1417 1208 optandi
1447 1151 1630 1195 notione

172 1219 384 1277 praeditis
410 1221 714 1264 consociatum
746 1221 848 1273 (IV,
880 1221 920 1274 4,
953 1221 993 1265 3.
1039 1222 1122 1274 IV,
1160 1221 1253 1273 104,
1285 1220 1325 1264 3.
1373 1220 1456 1273 IV,
1488 1219 1557 1271 67,
1587 1219 1627 1263 4.

176 1290 280 1340 VII,
319 1287 389 1342 36,
427 1293 485 1341 1),
524 1290 592 1333 bis
636 1296 815 1334 tantum
847 1291 993 1334 solum
1034 1296 1240 1335 occurrat
1280 1290 1384 1343 (IV,
1417 1289 1485 1342 79,
1528 1289 1545 1332 1
1582 1295 1629 1332 et

173 1359 254 1410 VI,
286 1357 355 1410 97,
387 1357 435 1410 2)
445 1375 455 1412 ;
502 1360 641 1402 semel
685 1374 808 1403 mero
848 1360 1000 1404 futuro
1032 1361 1291 1404 continetur
1320 1360 1453 1411 VIII,
1491 1359 1554 1411 12,
1591 1359 1628 1403 1.

175 1428 264 1472 Sed
294 1429 383 1471 alia
420 1428 553 1472 huius
585 1429 756 1472 ordinis
788 1431 994 1486 exempla
1023 1445 1347 1474 enumeremus.
1400 1429 1629 1486 Imprimis

173 1497 416 1541 tenendum
486 1503 555 1541 est
625 1512 800 1542 merum
873 1504 1049 1556 tempus
1130 1499 1333 1543 futurum
1402 1498 1630 1541 rarissime

173 1568 370 1611 inveniri
378 1584 389 1620 ;
430 1567 549 1624 apud
580 1568 891 1625 Thucydidem
930 1575 1107 1626 praeter
1137 1585 1291 1622 unum,
1337 1584 1468 1625 quem
1500 1569 1629 1612 modo

173 1639 417 1691 nominavi,
464 1639 613 1682 locum
658 1638 773 1682 alter
815 1645 965 1684 exstat
1014 1640 1069 1692 V,
1111 1638 1153 1691 9,
1192 1640 1220 1682 4
1270 1640 1352 1694 πρὶν
1402 1638 1631 1694 ξυνταθῆναι

173 1710 487 1763 προσπεσοῢμαι;
533 1708 841 1765 adiungendus
880 1715 950 1753 est
988 1710 1069 1762 IV,
1098 1708 1169 1762 85,
1191 1709 1231 1761 2,
1264 1709 1342 1752 ubi
1372 1708 1630 1752 infinitivus

173 1777 315 1821 futuri
344 1793 371 1821 a
400 1777 540 1821 verbo
578 1774 805 1821 sentiendi
839 1780 1038 1835 pendens
1076 1778 1311 1823 invenitur
1349 1778 1520 1833 οἰόμενοι
1548 1778 1631 1833 τφὶν

173 1849 389 1902 ἀφικέσθαι
419 1848 535 1903 ἥξειν.
596 1848 785 1892 Duobus
832 1850 941 1893 locis
987 1850 1244 1907 imperativi
1286 1847 1557 1895 antecedunt
1593 1848 1630 1898 I,

174 1915 243 1969 78,
279 1917 320 1961 1:
354 1919 436 1973 πρὶν
466 1942 523 1947 ——
553 1917 743 1971 γενέσθαι
772 1920 1039 1975 προδιάγνωτε
1070 1926 1115 1963 et
1145 1920 1181 1972 Ι,
1218 1918 1311 1969 141,
1345 1920 1362 1960 1
1398 1917 1631 1973 διανοήθητε

173 1990 255 2047 πρίν
286 2005 320 2029 τι
347 1990 556 2043 βλαβῆναι.
616 1989 686 2031 Eo
719 1989 1015 2045 frequentius.
1035 1991 1145 2033 alias
1176 1989 1399 2033 enuntiati
1429 1987 1631 2045 primarii

174 2058 337 2102 formas
369 2058 593 2103 adhibitas
633 2058 851 2111 videmus,
892 2060 1053 2116 quibus
1094 2060 1218 2104 notio
1249 2058 1393 2102 futuri
1422 2058 1629 2102 efficitur.

176 2127 447 2185 Saepissime
493 2135 737 2172 occurrunt
783 2130 922 2173 verba
962 2130 1017 2172 ad
1058 2129 1242 2186 optandi
1272 2128 1503 2172 notionem
1533 2141 1632 2183 per-

175 2199 378 2251 tinentia,
420 2199 546 2243 velut
573 2198 795 2251 βούλεσθαι
826 2200 883 2253 (Ι,
915 2199 984 2252 20,
1016 2199 1066 2253 3;
1106 2200 1167 2252 ΙΙ,
1200 2200 1270 2253 86,
1301 2199 1348 2253 4;
1387 2199 1451 2252 ΙΙ,
1483 2196 1553 2252 93,
1588 2197 1632 2251 1;

173 2268 261 2318 ΙΙΙ,
294 2266 362 2320 69,
395 2267 441 2320 2;
474 2269 557 2321 IV,
590 2267 659 2319 67,
691 2270 737 2323 53
769 2269 851 2321 IV,
879 2269 975 2321 104,
1007 2268 1053 2323 3;
1084 2270 1192 2321 VII,
1215 2268 1285 2320 36,
1321 2272 1375 2321 1),
1407 2268 1634 2322 ἐπείγεσθαι

176 2337 278 2388 (IV,
320 2337 359 2389 4,
398 2337 460 2390 2),
510 2337 664 2392 μέλλειν
696 2339 799 2391 (VI,
845 2338 914 2391 76,
956 2339 1009 2391 1),
1061 2339 1302 2380 διανοεῖσθαι
1338 2339 1440 2391 (IV,
1472 2336 1541 2391 72,
1577 2338 1631 2390 1),

175 2406 307 2461 ἀρκεῖν
349 2407 459 2459 (III,
491 2406 560 2460 30,
597 2407 651 2460 1),
696 2408 851 2463 ἑτοᾷιον
882 2408 978 2449 εἶναι
1021 2410 1124 2463 (VI,
1163 2408 1232 2461 29,
1276 2409 1333 2461 1),
1376 2408 1422 2449 οὐ
1461 2409 1633 2464 χαλεπὸν

175 2475 270 2517 εἶναι
302 2477 409 2530 (ΙΙΙ,
442 2476 511 2530 94,
543 2480 605 2529 4).
667 2478 754 2522 His
791 2477 902 2522 adde
940 2478 1079 2523 verba
1113 2479 1314 2523 iubendi:
1355 2477 1537 2520 κελεύειν
1557 2478 1632 2531 (V,

175 2545 244 2598 41,
276 2546 336 2599 2),
382 2552 576 2603 ηοοειπεῖν
599 2548 725 2600 '(IV‚
774 2546 866 2602 128,
911 2548 969 2601 1),
1016 2549 1247 2604 ἀναγκάζειν
1293 2549 1396 2601 (IV,
1436 2548 1536 2601 125,
1575 2549 1633 2601 2),

171 2618 312 2671 χρῆναι
341 2617 447 2670 (ΙΙΙ,
469 2616 539 2671 46,
561 2617 625 2674 4),
656 2617 925 2672 βουλεύεσθαι
951 2619 1031 2672 (V,
1054 2617 1095 2673 8,
1117 2617 1184 2670 3).
1207 2644 1265 2650 -
1284 2619 1408 2663 Haec
1429 2619 1636 2677 exempla

296 2778 321 2822 ¹)
348 2778 439 2815 Phil.
464 2780 575 2825 Both,
608 2781 655 2816 de
686 2780 931 2827 Antiphontis
964 2785 1001 2817 et
1035 2781 1270 2829 Thucydidis
1300 2791 1440 2828 genere
1475 2779 1635 2825 dicendi,

175 2835 324 2874 dissert.
350 2837 632 2886 Marburgensis
657 2840 777 2886 (1875)
802 2849 890 2887 pag.
915 2839 971 2878 41.
