1836 3175
1600 220 1648 264 11

210 348 487 404 separatione
521 347 567 390 id
602 360 775 403 quoque
810 360 1142 403 consequemur,
1182 350 1235 389 ut
1277 346 1409 389 unius
1446 348 1654 403 cuiusque

209 418 503 473 proprietates
533 416 692 459 melius
723 423 1056 473 cognoscantur.

324 543 352 599 ξ
382 542 421 587 3.
483 544 561 586 De
597 558 697 586 usu
733 544 1030 587 infinitivi
1060 557 1087 585 a
1116 544 1222 597 πρίν
1261 542 1544 598 particula

586 613 882 668 pendentis
914 612 1288 669 Thucydideo.

327 693 394 735 Ac
430 694 622 748 primum
663 694 841 748 quidem
886 694 1110 736 sententia
1154 692 1367 748 primaria
1403 691 1659 734 continetur

209 766 407 818 tempore
455 763 710 819 praeterito,
761 768 840 806 aut
889 761 1068 814 aoristo,
1128 769 1207 806 aut
1255 760 1530 818 imperfecto,
1581 766 1658 802 aut

211 837 438 885 praesente
461 833 685 876 historico.
741 831 1011 887 Saepissime
1032 831 1255 875 antecedit
1282 831 1475 887 simplex
1502 829 1658 873 aoristi

208 899 478 944 indicativus
520 902 556 952 I,
595 899 664 952 39,
704 899 749 953 2;
799 901 837 953 Ι,
876 899 946 953 68,
977 899 1003 943 2
1015 916 1027 954 3
1076 900 1164 953 III,
1195 899 1264 952 24,
1295 899 1344 953 2;
1394 900 1477 951 IV,
1508 898 1578 951 22,
1614 899 1657 951 13

209 969 292 1020 IV,
325 969 392 1021 70,
425 968 471 1021 3;
513 970 594 1021 IV,
626 967 696 1021 83,
727 968 773 1021 33
818 969 902 1020 IV,
937 968 1032 1021 125,
1064 967 1112 1022 3,;
1159 969 1242 1020 IV,
1277 967 1377 1021 135;
1420 969 1477 1020 V,
1509 966 1578 1019 38,
1610 967 1657 1019 2;

209 1038 265 1091 V,
296 1036 366 1091 84,
397 1038 443 1091 4;
476 1039 557 1090 VI,
590 1037 657 1089 61,
684 1038 720 1081 1.
771 1037 960 1081 Duobus
980 1038 1090 1082 locis
1120 1038 1204 1090 IV,
1231 1037 1324 1090 101,
1346 1035 1372 1081 3
1394 1042 1440 1080 et
1461 1037 1516 1088 V,
1539 1036 1608 1088 45,
1630 1035 1656 1078 4

208 1109 462 1151 infinitivus
503 1123 604 1151 cum
634 1109 716 1162 πρίν
752 1108 972 1163 particula
1006 1108 1187 1151 iunctus
1217 1107 1474 1150 referendus
1505 1112 1574 1149 est
1603 1105 1658 1149 ad

208 1178 363 1220 aoristi
408 1177 705 1233 participium.
782 1176 855 1220 Ad
900 1177 1117 1221 aoristum
1161 1190 1299 1233 prope
1336 1176 1506 1220 accedit
1543 1175 1658 1218 illud

208 1246 532 1303 imperfectum,
584 1247 701 1302 quod
746 1262 880 1290 sensu
928 1247 1087 1290 aoristi
1127 1251 1370 1303 usurpatur
1414 1247 1462 1289 in
1507 1245 1656 1289 verbis

204 1316 518 1373 'proficiscendi
569 1316 642 1368 (cf.
688 1317 772 1371 IV,
818 1316 886 1369 78,
935 1320 958 1358 5
1009 1316 1166 1374 ἐχώρει,
1211 1316 1267 1369 V,
1315 1314 1384 1368 65,
1430 1314 1456 1359 3
1501 1316 1656 1370 ἀνῆγεν,

207 1386 340 1437 VIII,
376 1385 443 1438 42,
470 1386 487 1428 1
524 1385 687 1435 ἐπέπλει,
719 1393 764 1430 01
794 1387 969 1431 dicendi
998 1387 1061 1440 II,
1097 1385 1162 1439 13,
1200 1387 1214 1429 1
1252 1386 1508 1442 προηγόρευε.
1568 1384 1657 1430 Sed

209 1455 341 1497 etiam
373 1455 634 1510 imperfecta
663 1457 843 1512 propria
873 1456 991 1499 haud
1020 1470 1121 1499 raro
1152 1462 1392 1499 occurrunt
1420 1456 1482 1506 II,
1515 1454 1583 1506 56,
1613 1456 1630 1497 1
1646 1470 1655 1507 ;

207 1524 289 1576 VI,
322 1523 391 1576 97,
424 1524 468 1577 3;
509 1525 640 1578 VIII,
672 1526 741 1578 45,
777 1527 813 1569 1.
834 1551 844 1559 ·
878 1522 982 1569 Non
1030 1526 1178 1568 minus
1230 1525 1383 1568 creber
1431 1531 1501 1568 est
1550 1539 1657 1567 usus

207 1594 457 1650 praesentis
502 1595 723 1648 historici;
776 1595 828 1638 cf.
869 1594 932 1647 II,
974 1593 1040 1648 12,
1072 1594 1097 1638 2
1107 1610 1118 1645 ;
1167 1595 1230 1647 II,
1273 1592 1355 1646 67,
1374 1593 1422 1646 33
1471 1594 1535 1646 ΙΙ,
1577 1592 1655 1647 82;

207 1664 288 1715 VI,
334 1663 374 1716 4,
416 1662 455 1708 3.
516 1664 616 1707 Hoc
655 1665 753 1708 1000
799 1665 935 1708 0110111
978 1664 1238 1721 imperfecta
1287 1665 1359 1708 vel
1405 1664 1657 1720 praesentia

206 1732 418 1775 iterativa
446 1733 718 1775 nominanda
747 1738 854 1779 sunt
883 1734 965 1785 IV,
1003 1733 1066 1786 14,
1093 1734 1137 1784 13
1167 1734 1250 1786 IV,
1281 1732 1349 1785 67,
1371 1733 1398 1775 4
1408 1749 1418 1786 ;
1450 1734 1506 1785 V,
1539 1732 1607 1786 60,
1629 1735 1654 1775 5

207 1807 253 1845 et
281 1802 318 1854 I,
349 1800 421 1854 39,
456 1802 493 1854 1,
525 1817 714 1858 quorum
750 1803 797 1846 111
829 1803 989 1847 ultimo
1019 1803 1116 1847 loco
1148 1803 1213 1843 τὸν
1242 1803 1324 1858 πρὶν
1355 1802 1656 1857 διαγωνίζεσθαι

206 1871 445 1913 καθιστάντα
472 1874 757 1929 participium
787 1873 1034 1929 praesentis
1065 1887 1166 1915 cum
1190 1872 1377 1916 articulo
1400 1872 1656 1928 copulatum

205 1942 435 1986 notionem
455 1943 591 1987 habet
611 1944 882 1987 iterativam.
928 1943 1016 1987 His
1037 1942 1264 1987 addendus
1286 1950 1354 1987 est
1380 1958 1495 1986 unus
1517 1943 1655 1994 locus,

206 2011 282 2054 ubi
319 2026 529 2068 praesens
569 2014 799 2069 proprium
835 2017 985 2056 exstat
1013 2012 1095 2064 IV,
1136 2011 1205 2064 20,
1241 2012 1257 2054 1
1308 2012 1409 2067 (ἡμῖν
1439 2011 1487 2052 δὲ
1515 2013 1656 2060 καλῶς,

206 2080 313 2136 εἴπερ
344 2081 451 2129 ποτέ,
484 2080 568 2138 ἔχει
597 2082 880 2137 ἀμφοτέροις-ἦ
900 2081 1126 2136 ξυναλλαγή,
1156 2083 1239 2137 ψίν
1260 2097 1294 2122 τι
1315 2105 1373 2112 -—
1388 2082 1654 2134 καταλαβεῖν).

206 2150 338 2194 Ν11110
368 2150 527 2194 horum
559 2152 759 2195 locorum
789 2152 934 2208 qualis
965 2152 1025 2194 sit
1054 2150 1228 2194 indoles
1258 2165 1308 2195 ac
1339 2156 1500 2194 natura
1529 2165 1655 2194 accu-

205 2220 347 2263 ratius
377 2221 713 2278 investigemus.

319 2290 475 2334 Primo
514 2291 612 2335 loco
650 2292 906 2336 infinitivus
941 2306 967 2334 a
995 2291 1215 2348 particula
1244 2292 1326 2347 πρίν
1357 2290 1555 2347 pendens
1601 2289 1656 2334 ad

204 2364 379 2414 tempus
411 2361 600 2403 actionis
631 2362 868 2417 primariae
896 2350 1281 2404 determinandum
1312 2366 1495 2416 spectat.
1556 2361 1655 2403 Hoc

204 2429 301 2471 sine
332 2429 465 2473 dubio
495 2445 581 2474 usu
611 2431 750 2483 venit,
796 2432 835 2475 si
880 2431 1136 2475 infinitivus
1181 2432 1394 2487 temporis
1425 2431 1653 2475 notionem

205 2496 340 2541 habet
375 2499 483 2555 ipse.
552 2501 752 2544 Afferam
791 2501 874 2555 IV,
906 2499 974 2554 67,
1005 2500 1050 2544 4:
1083 2502 1165 2557 πρὶν
1196 2501 1344 2556 ἡμέραν
1375 2501 1471 2542 εἶναι
1500 2500 1653 2556 ἐσῆγον.

203 2569 326 2611 Ηο00
357 2569 495 2612 verba
523 2571 638 2613 nihil
675 2572 795 2614 aliud
825 2572 1081 2627 significant
1111 2586 1260 2626 quam:
1301 2569 1368 2624 ἅμ’
1396 2570 1525 2626 ἡμέρᾳ
1554 2572 1655 2622 (11111

205 2630 566 2694 Tagesanbruch)
587 2639 740 2695 ἐσῆγον.
784 2639 942 2685 Simile
964 2641 1220 2698 exemplum
1237 2641 1432 2684 occurrit
1447 2640 1530 2692 IV,
1547 2639 1587 2692 2,
1609 2641 1623 2682 1
1644 2654 1651 2681 :

204 2708 286 2762 πρὶν
326 2707 391 2748 τὸν
437 2713 540 2748 σῖτον
585 2709 626 2749 ἐν
670 2710 775 2766 ἀκμῇ
821 2710 917 2751 εἶναι
961 2710 1168 2763 εσέβαλυν.
1237 2710 1460 2765 Quoniam
1504 2715 1652 2753 autem

203 2776 419 2820 frumenti
449 2779 686 2822 maturitas
718 2786 839 2823 certo
871 2781 977 2823 anni
1007 2786 1208 2837 tempore
1238 2781 1337 2824 fieri
1354 2781 1481 2834 solet,
1513 2795 1652 2823 enun-

203 2846 364 2890 tiatum
408 2845 522 2889 illud
570 2861 740 2890 meram
788 2849 1017 2893 notionem
1061 2850 1352 2907 temporalem
1381 2850 1648 2906 aequiparat,
