1836 3175
1623 225 1650 268 7

319 350 414 394 Iam
461 356 739 395 transeamus
784 350 840 394 ad
876 349 1181 406 quaestionem
1223 349 1277 393 de
1313 351 1533 406 particula
1569 354 1651 407 οφίν

205 423 419 475 coeptam.
480 418 533 463 Si
561 433 717 476 graece
747 419 912 462 dicitur
935 419 1050 458 τοῦτο
1069 417 1228 471 ἐγένετο
1249 419 1363 469 (sive
1383 419 1455 459 οὐκ
1475 420 1651 473 ἐγένετο)

205 488 288 543 ’φὶν
328 487 420 529 ἄλλο
458 503 493 528 τι
527 487 729 542 γενέσθαι,
759 501 908 531 nonne
947 486 1102 530 eodem
1138 486 1270 530 modo
1310 488 1650 544 explicabimus:

105 562 107 564 ’
191 555 297 603 ,Das
334 570 430 600 war
465 555 573 599 eher
609 556 659 599 in
686 556 840 613 Bezug
875 555 957 599 auf
985 555 1063 599 das
1095 555 1362 600 Geschehen
1391 570 1483 600 von
1513 563 1651 602 etwas

203 625 441 669 auderem?
512 624 742 669 Habemus
785 626 1013 670 notionem
1060 625 1344 682 comparandi
1393 640 1504 682 quae
1554 628 1653 672 sine

203 695 337 739 dubio
366 695 528 750 in-npc‘u
558 696 779 751 particula
806 696 938 740 inest.
996 696 1120 739 Illud
1157 701 1308 740 autem
1343 697 1458 737 τοῦτο
1494 696 1652 751 ἐγένετο

203 766 287 818 πρίν
315 787 373 794 -
402 778 494 807 non
522 765 569 807 in
601 766 863 809 universum
881 765 1077 821 ponitur,
1109 764 1187 808 sed
1216 765 1271 808 ad
1293 765 1416 808 aliud
1444 765 1652 821 quiddam

203 832 409 876 refertur.
468 833 703 887 Prioritas,
741 840 793 877 ut
823 848 924 876 cum
954 833 1235 890 philosophis
1265 834 1435 889 loquar,
1466 835 1653 878 actionis

203 902 440 960 primariae
477 917 569 946 non
605 909 674 946 est
711 902 926 954 absoluta,
965 902 1044 946 sed
1072 902 1275 946 relativa.
1336 903 1572 947 Limitatio
1602 918 1654 947 ac

203 973 553 1028 circumscriptio
592 973 788 1016 notionis
833 972 1055 1029 generalis
1100 972 1371 1028 exprimitur
1407 973 1652 1017 infinitivo.

203 1041 302 1086 Hac
345 1046 572 1085 structura
614 1046 826 1085 nascente
872 1040 984 1085 duae
1025 1041 1169 1084 solum
1200 1042 1396 1085 rationes
1427 1042 1652 1099 patebant,

203 1117 281 1154 aut
318 1110 398 1154 illa
435 1125 568 1167 quam
605 1110 735 1154 modo
772 1110 1003 1154 nominavi
1040 1111 1155 1151 τοῦτο
1196 1110 1355 1165 ἐγένετο
1385 1112 1468 1167 πρὶν
1498 1110 1591 1152 ἄλλο
1621 1127 1655 1151 τι

201 1180 399 1236 γενέσθαι,
441 1186 521 1224 aut
562 1180 704 1224 altera
747 1181 862 1221 τοῦτο
901 1179 1062 1236 ἐποίησέ
1095 1195 1150 1225 τις
1188 1181 1272 1236 πρὶν
1302 1179 1394 1222 ἄλλο
1425 1197 1459 1222 τι
1488 1184 1652 1237 ποίῆσαι.

205 1249 295 1295 Sed
324 1250 403 1294 ubi
432 1251 627 1307 primum
659 1251 729 1294 vis
758 1250 1006 1307 particulae
1035 1251 1118 1305 πρίν
1151 1250 1393 1307 originaria
1427 1250 1655 1310 obscurari

202 1326 335 1376 atque
372 1320 420 1363 in
457 1326 664 1363 naturam
702 1320 1028 1363 coniunctionis
1070 1319 1336 1363 commutari
1374 1325 1531 1376 coepta
1570 1327 1652 1372 est,

203 1389 286 1434 hae
324 1388 436 1433 duae
472 1389 668 1433 rationes
708 1389 808 1432 fieri
843 1403 934 1432 non
963 1389 1125 1445 potuit,
1164 1389 1273 1445 quin
1302 1388 1422 1432 inter
1458 1403 1506 1432 se
1535 1403 1654 1433 com-

205 1460 509 1502 miscerentur.
584 1459 660 1501 Ex
705 1472 792 1514 quo
835 1458 1002 1501 factum
1047 1463 1116 1501 est
1132 1492 1143 1508 ,
1187 1463 1240 1501 ut
1283 1458 1475 1501 aliorum
1518 1460 1653 1502 etiam

202 1528 481 1572 schematum
517 1533 768 1572 structurae
806 1527 1119 1579 formarentur,
1165 1527 1292 1571 velut
1335 1528 1450 1569 τοῦτο
1494 1526 1653 1582 ἐγένετο

202 1598 285 1653 πρίν
329 1611 411 1637 τινα
455 1596 547 1637 ἄλλο
592 1612 626 1637 τι
663 1599 814 1652 ποιῆσαι
850 1597 947 1640 sive
984 1597 1098 1636 τοῦτο
1139 1595 1317 1652 ἐποίησέν
1353 1612 1410 1641 τις
1442 1598 1525 1653 πρὶν
1559 1596 1652 1637 ἄλλο

202 1682 237 1706 τι
264 1666 463 1720 γενέσθαι.
531 1666 650 1709 Ecce
688 1680 866 1709 causam
894 1665 1160 1722 multiplicis
1189 1666 1410 1710 infinitivi
1439 1667 1565 1710 usus!
1598 1692 1653 1698 —

205 1735 295 1782 Sed
325 1736 444 1781 dicet
472 1736 705 1793 quispiam,
732 1732 877 1792 quid?
934 1734 1269 1792 Repetitionem
1305 1735 1431 1779 illam
1467 1736 1653 1780 voculae

202 1808 284 1861 qoc'v
315 1807 433 1863 apud
461 1807 711 1850 Homerum
742 1812 835 1850 tam
864 1805 1064 1849 crebram
1093 1806 1312 1861 quomodo
1342 1811 1395 1850 tu
1424 1807 1653 1863 explicas?

201 1876 277 1920 Ex
307 1882 461 1921 nostra
499 1876 741 1933 hypothesi
776 1876 978 1932 sequitur
1013 1875 1279 1933 particulam
1309 1876 1392 1932 πρίν
1430 1876 1653 1933 imprimis

201 1946 453 1990 membrum
498 1960 594 1989 esse
638 1947 861 1990 enuntiati
905 1947 1135 2002 primarii,
1180 1946 1306 1989 euius
1350 1947 1471 1990 inter
1514 1946 1655 1991 verba

133 2035 137 2040 ·
201 2016 409 2073 proprius
439 2016 482 2059 ei
510 2016 634 2059 locus
660 2014 884 2058 debeatur.
939 2013 1162 2069 Quoniam
1183 2019 1332 2059 autem
1362 2014 1515 2058 eadem
1553 2030 1654 2072 par-

200 2085 342 2130 ticula
371 2085 426 2128 ad
455 2086 736 2129 infinitivum
765 2084 1086 2140 quodammodo
1116 2085 1324 2140 pertinet,
1362 2099 1511 2128 nonne
1549 2100 1654 2129 con-

202 2159 463 2199 sentaneum
495 2160 564 2205 est
594 2168 690 2198 eam
720 2154 1052 2211 perspicuitatis
1082 2167 1215 2197 causa
1239 2158 1344 2197 ante
1373 2154 1654 2198 infinitivum

201 2225 328 2280 quasi
349 2225 660 2280 ἐπαναληπτικῶς
676 2225 832 2280 repeti,
863 2224 1127 2279 praesertim
1147 2224 1186 2266 si
1207 2224 1386 2280 longius
1412 2223 1654 2268 verborum

201 2294 493 2339 intervallum
522 2293 791 2338 intercedit?

319 2363 451 2418 Quod
486 2369 540 2407 ut
577 2364 850 2408 luculentius
869 2364 1252 2416 demonstremus,
1292 2377 1348 2407 ex
1379 2377 1541 2420 magna
1578 2378 1654 2406 ex·-

202 2433 451 2489 emplorum
480 2434 599 2477 silva
628 2433 712 2477 hoc
742 2434 958 2490 eligamus
988 2434 1036 2485 X,
1071 2432 1172 2476 154:

954 2502 1019 2542 ὅθι
1048 2503 1188 2558 εξαατα
1218 2502 1447 2557 σιγαλόεντα

409 2570 617 2612 πλύνεσκον
652 2572 796 2628 Τρώων
826 2571 963 2629 ἄλοχοι
991 2573 1113 2613 καλαί
1134 2587 1178 2612 τε
1209 2570 1406 2627 θύγατρες

409 2640 453 2680 τὸ
483 2642 579 2696 πρίν,
610 2640 670 2682 ἐπ’
698 2642 860 2698 εζυῆνης,
891 2642 973 2698 πρὶν
1004 2642 1088 2687 υἷας
1115 2640 1242 2683 ἐλθεῖν
1274 2640 1447 2698 Ἀχαιῶν.

317 2710 498 2762 Fuerat,
529 2724 667 2765 quum
698 2712 994 2755 Troianorum
1022 2726 1186 2755 uxores
1218 2711 1423 2767 filiaeque
1460 2711 1509 2753 in
1547 2724 1653 2766 pace

202 2786 334 2838 atque
365 2781 456 2825 otio
487 2781 757 2825 vestimenta
790 2782 1007 2826 lavarent.
1067 2782 1168 2826 Hoc
1204 2781 1419 2839 temporis
1457 2781 1650 2838 spatium

203 2852 426 2909 triplicem
470 2852 516 2894 in
564 2852 744 2896 modum
774 2852 1099 2896 determinatur
1137 2867 1164 2895 a
1200 2858 1343 2908 poeta.
1405 2852 1559 2895 Primo
1603 2849 1651 2892 in
