1836 3175
187 217 241 263 10

182 359 273 389 non
302 346 546 401 accepistis.
598 345 861 388 Infinitivus
883 358 984 387 cum
1015 344 1097 398 πρίν
1116 344 1338 399 particula
1367 344 1630 389 coniunctus

182 419 406 469 tamquam
451 427 623 456 merum
666 412 927 455 adverbium
961 413 1081 455 inter
1113 413 1353 457 articulum
1388 417 1434 455 et
1468 428 1631 457 nomen

183 498 238 526 ex
281 483 554 527 Graecorum
597 496 720 525 more
764 481 1057 537 interpositus
1102 486 1182 524 est.
1257 480 1412 525 Etiam
1452 481 1630 539 longius

181 552 464 608 progreditur
498 550 612 593 illud
648 550 966 605 Xenophontis
998 548 1125 604 Ἀγησ.
1160 550 1197 602 1,
1229 551 1254 593 5
1293 553 1363 604 τῆς
1396 551 1479 605 πρὶν
1515 550 1632 605 ἄρξαι

180 622 326 676 ἀρετῆς
373 620 575 672 (virtutis
626 624 730 662 ante
778 619 1018 674 imperium
1067 623 1324 675 susceptum
1374 623 1630 675 spectatae),

179 703 316 744 quum
361 689 444 731 hoc
488 689 585 730 loco
630 688 766 730 etiam
810 686 1095 740 adiectivum,
1141 703 1228 744 quo
1266 689 1315 730 in
1353 689 1630 745 Thucydidis

178 757 382 815 exemplo
413 758 496 813 πρίν
532 756 731 810 fulcitur,
772 756 904 801 absit.
973 756 1129 814 Neque
1171 763 1323 802 tamen
1357 757 1465 802 haec
1495 758 1631 802 dictio

178 843 203 870 a
232 835 394 870 natura
421 828 666 882 particulae
703 830 786 882 πρίν
821 828 1043 871 abhorret.
1115 829 1213 871 Iam
1242 829 1425 885 Krssger
1441 829 1469 880 ¹)
1498 830 1630 872 huius

178 897 354 953 generis
384 892 590 953 exempla
619 896 816 949 seclusit,
848 911 986 952 quum
1015 897 1097 951 τφίν
1122 897 1390 953 particulam
1419 898 1490 941 his
1520 898 1631 942 locis

177 967 521 1021 praepositionis
570 967 616 1009 vi
660 971 922 1021 usurpatam
967 980 1064 1009 6886
1104 966 1234 1010 dicat.
1304 967 1472 1010 Munus
1517 968 1631 1011 illud

179 1034 505 1079 determinandi
550 1040 727 1092 tempus
778 1035 968 1079 actionis
1018 1034 1256 1092 primariae
1305 1035 1361 1079 ad
1413 1036 1632 1081 rationem

175 1107 476 1157 limitativam,
499 1120 556 1148 ex
577 1120 664 1161 qua
679 1106 958 1149 infinitivum
976 1120 1002 1147 a
1021 1107 1104 1160 πρίν
1124 1106 1347 1161 particula
1360 1106 1633 1162 pendentem

178 1181 325 1219 ortum
355 1190 452 1218 esse
490 1189 626 1231 supra
665 1174 990 1227 contendimus,
1029 1175 1242 1218 facillime
1272 1175 1379 1219 licet
1407 1190 1631 1221 revocare.

175 1246 299 1289 Haec
329 1251 437 1288 sunt
466 1244 657 1301 vestigia
687 1244 963 1296 vetustioriS,
998 1249 1050 1287 ut
1072 1244 1243 1299 opinor,
1275 1245 1520 1300 particulae
1550 1247 1633 1301 τφίν

176 1308 294 1359 usus.

291 1385 486 1427 Diversa
545 1389 614 1426 est
672 1384 787 1426 ratio
838 1383 1023 1426 alterius
1082 1384 1258 1439 generis
1309 1385 1631 1441 exemplorum.

175 1454 374 1497 Afferam
420 1453 560 1496 Thuc.
608 1453 642 1499 Ι,
697 1452 790 1504 141,
840 1453 881 1495 1:
940 1452 1178 1507 διανοήθησε
1223 1452 1427 1493 ὑπακούειν
1472 1457 1554 1509 πρίν
1599 1470 1633 1494 τι

174 1524 382 1578 βλαβῆναι.
462 1522 627 1565 Nullus
685 1522 770 1565 hoc
828 1522 925 1564 loco
985 1536 1131 1565 sermo
1181 1527 1251 1566 est
1305 1522 1359 1566 de
1418 1525 1632 1580 temporis

177 1593 558 1636 determinatione.
601 1592 737 1635 Actio
755 1591 875 1635 enim
889 1591 1111 1634 enuntiati
1124 1591 1377 1636 secundarii
1391 1593 1632 1637 imminens

175 1677 231 1705 ne
261 1663 315 1705 ad
346 1663 554 1705 effectum
585 1663 753 1713 veniat,
791 1662 908 1704 actio
938 1662 1151 1717 primaria
1190 1662 1423 1706 antecedat
1452 1678 1632 1707 11666886

175 1737 255 1774 cst.
316 1731 453 1774 Latet
489 1731 537 1773 in
584 1730 814 1773 infinitivo
859 1730 1028 1785 aliquid
1073 1730 1397 1784 condicionale;
1442 1746 1632 1788 namque

175 1816 330 1844 sensus
362 1806 430 1843 est
451 1800 542 1843 hic:
576 1799 908 1856 obsequendum
930 1800 1059 1844 vobis
1089 1806 1172 1854 est,
1202 1801 1292 1845 nisi
1313 1802 1633 1847 detrimentum

176 1885 329 1927 capere
352 1870 507 1914 vultis.
533 1894 582 1900 -—
607 1869 835 1913 Dictionis
855 1870 1124 1914 limitativae
1145 1871 1351 1928 exempla
1370 1872 1632 1929 plerumque

173 1941 222 1982 in
251 1955 373 1983 mera
403 1954 554 1983 rerum
583 1945 812 1996 gestarum
841 1941 1098 1984 narratione
1120 1941 1409 1985 antecedente
1432 1949 1632 1998 tempore

174 2010 415 2065 praeterito
462 2015 706 2053 occurrunt
714 2026 724 2063 3
771 2009 957 2053 alterius
1002 2011 1179 2068 generis
1223 2011 1311 2054 loci
1357 2026 1533 2068 semper
1577 2012 1632 2055 ad

175 2084 349 2135 tempus
394 2079 599 2121 futurum
642 2079 885 2134 pertinent,
936 2080 1001 2122 ita
1054 2085 1106 2122 ut
1156 2081 1415 2125 infinitivus
1467 2081 1631 2125 habeat

174 2149 402 2191 notionem
446 2148 589 2192 futuri
633 2148 794 2192 exacti.
868 2148 1027 2205 Itaque
1073 2164 1251 2194 omnem
1295 2152 1527 2195 materiem
1568 2152 1634 2195 ita

176 2218 474 2274 disponemus,
519 2224 573 2262 ut
610 2219 759 2274 priore
796 2219 893 2261 loco
940 2232 1015 2261 eos
1055 2220 1308 2264 infinitivos
1350 2235 1376 2263 a
1412 2221 1633 2277 particula

175 2290 257 2343 πρίν
286 2288 531 2344 pendentes
552 2303 877 2340 enumeremus,
910 2288 1071 2344 quibus
1094 2289 1142 2332 in
1163 2290 1396 2334 enuntiato
1419 2291 1631 2347 primario

174 2359 395 2402 antecedit
441 2364 618 2415 tempus
669 2358 974 2415 praeteritum,
1034 2359 1281 2415 posteriore
1331 2373 1419 2413 eos,
1470 2359 1631 2415 quibus

175 2429 396 2472 antecedit
416 2435 592 2485 tempus
621 2429 824 2472 futurum
852 2429 949 2472 sive
979 2429 1140 2472 similis
1160 2430 1298 2473 notio.
1352 2429 1504 2485 Quum
1523 2445 1631 2473 vero

175 2498 457 2556 Thucydides
473 2499 753 2543 infinitivum
770 2499 972 2556 sexagies
990 2499 1167 2555 septies,
1190 2499 1447 2557 Xenophon
1467 2499 1631 2556 septies

174 2573 220 2610 et
264 2570 429 2611 centies
470 2569 738 2621 adhibuerit,
780 2584 836 2611 ne
878 2569 1187 2624 exemplorum
1225 2570 1516 2612 multitudine
1556 2570 1632 2612 ob-

174 2653 368 2693 ruamur,
398 2653 759 2696 unumquemque
780 2638 1059 2695 scriptorem,
1090 2638 1286 2694 priorem
1309 2638 1629 2696 Thucydidem,

174 2710 466 2766 posteriorem
504 2710 866 2766 Xenophontem,
906 2709 1051 2751 solum
1081 2709 1467 2765 pertractabimus.
1534 2710 1632 2752 Hac

292 2858 319 2902 l)
344 2858 505 2904 Kriiger‚
530 2858 567 2894 in
593 2861 761 2894 annotat.
787 2858 838 2894 ad
862 2857 980 2894 Thuc.
1005 2858 1034 2903 I,
1057 2857 1114 2902 39,
1138 2857 1171 2892 2.
