1836 3175
200 836 522 918 Difficillima
541 884 689 915 rerum
712 869 1102 926 grammaticarum
1122 868 1399 926 problemata
1418 883 1510 913 non
1524 868 1650 925 prius

199 941 445 994 solventur,
488 954 633 996 quam,
672 940 816 994 qualis
853 940 1121 994 scriptorum
1159 940 1439 996 singulorum
1473 940 1522 982 in
1560 940 1653 982 sin-

198 1010 316 1068 gulis
361 1010 493 1054 rebus
538 1000 676 1053 fuerit
719 1023 847 1061 usus,
899 1008 1139 1066 diligenter
1180 1009 1504 1067 investigatum
1549 1008 1653 1052 sub-

199 1080 427 1136 tiliterque
471 1084 754 1136 perspectum
799 1080 872 1123 sit.
933 1080 1056 1123 Haec
1086 1080 1201 1123 ratio
1242 1079 1437 1122 maxime
1475 1079 1526 1122 in
1568 1080 1652 1134 τφίν

116 1143 130 1147 ’
198 1150 420 1205 particula
455 1148 642 1205 probata
670 1148 863 1200 videtur,
905 1148 1115 1204 quoniam
1144 1148 1362 1205 proximis
1401 1148 1531 1191 annis
1563 1148 1652 1191 viri

199 1217 318 1262 docti
354 1218 433 1261 alii
470 1218 581 1260 alios
623 1218 862 1274 scriptores
900 1212 986 1261 sibi
1022 1217 1367 1274 perscrutandos
1406 1217 1649 1274 elegerunt.

199 1288 328 1332 Nihil
358 1288 480 1332 enim
506 1289 556 1331 in
584 1293 746 1331 natura
773 1287 907 1331 huius
942 1279 1187 1343 particulae
1218 1286 1522 1344 cognoscenda
1551 1301 1652 1343 pro-

197 1358 444 1411 ficeremus,
472 1358 511 1401 si
531 1358 750 1402 rationem
770 1358 1070 1401 vetustiorum
1089 1357 1493 1415 grammaticorum,
1524 1357 1652 1401 velut

198 1427 367 1483 Vigeri,
413 1442 711 1483 sequeremur,
749 1427 825 1482 qui
855 1433 909 1471 ut
936 1427 1247 1484 ,multiplicem
1285 1428 1530 1483 particulae
1568 1428 1650 1482 φίν

155 1499 480 1554 „potestatem‘
523 1497 723 1541 illustret
770 1496 891 1542 locos
930 1497 1129 1551 Homeri,
1178 1496 1431 1555 Sophoclis,
1487 1497 1650 1541 Demo-

197 1567 384 1620 sthenis,
424 1568 741 1624 apostolorum,
782 1568 1031 1611 Pausaniae
1060 1569 1185 1612 varie
1216 1569 1481 1611 commixtos
1518 1567 1648 1612 nobis

177 1626 392 1692 apponit.
411 1636 439 1688 ¹)
512 1636 677 1681 Melius
722 1637 811 1680 iam
854 1633 1100 1680 Elmsleius
1145 1636 1199 1681 de
1242 1651 1328 1680 usu
1372 1637 1649 1682 coniunctivi

196 1719 223 1747 a
251 1706 333 1760 vqoc'v
363 1706 583 1761 particula
613 1706 848 1762 pendentis
880 1707 985 1763 egit.
998 1705 1036 1762 ²)

310 1774 446 1818 Viam
482 1776 565 1830 πρίν
610 1775 854 1832 particulae
893 1775 1250 1832 monographice,
1296 1781 1349 1820 ut
1386 1776 1452 1819 ita
1489 1775 1671 1828 dicam,=

196 1844 453 1888 tractandae
482 1846 655 1901 primus
684 1847 914 1902 ingressus
945 1852 1015 1890 est
1044 1846 1256 1890 Foerster
1286 1845 1455 1889 duabus
1486 1846 1648 1890 disser-

195 1914 455 1968 tationibus,
487 1929 676 1971 quarum
704 1916 753 1958 in
783 1915 924 1959 altera
953 1915 1007 1960 de
1035 1930 1121 1959 usu
1140 1915 1381 1959 Homerico
1411 1921 1458 1959 et
1486 1915 1648 1960 Hesio-

195 1982 290 2034 deo,
303 1982 341 2034 ³)
385 1984 435 2027 in
470 1985 611 2028 altera
646 1985 699 2028 de
736 2000 835 2036 usu,
882 1985 1024 2041 qualis
1067 1985 1209 2035 fuerit
1228 2043 1232 2046 ‘
1248 1985 1366 2040 apud
1406 1986 1648 2042 scriptores

195 2052 386 2106 Ionicos,
424 2053 684 2111 disputavit.
697 2054 733 2106 4)
792 2054 912 2098 Eum
942 2059 1121 2099 secutus
1151 2043 1452 2108 est'Richter,
1488 2055 1565 2111 qui
1595 2054 1649 2099 de

195 2123 426 2179 particulis
465 2127 549 2179 πρίν
588 2130 634 2168 et
670 2125 795 2180 πάρος
828 2140 1069 2181 earumque
1105 2130 1191 2169 usu
1219 2125 1459 2168 Homerico
1498 2124 1649 2182 dispu-

196 2192 411 2237 tationem
454 2193 668 2238 instituit.
684 2196 719 2245 a)
778 2195 953 2239 Deinde
984 2200 1088 2239 ante
1125 2195 1207 2239 hos
1238 2194 1350 2238 duos
1388 2209 1528 2238 annos
1559 2194 1648 2238 dis-

196 2262 379 2305 sertatio
410 2262 591 2305 Prausii
631 2264 680 2305 in
708 2264 853 2307 lucem
883 2265 1063 2321 prodiit,
1109 2265 1184 2320 qui
1216 2279 1348 2320 quem
1378 2264 1646 2321 Aeschylus,

197 2329 456 2387 SophocleS,
513 2331 769 2388 Euripides,
820 2333 1149 2390 Aristophanes
1194 2334 1336 2378 secuti
1380 2334 1473 2377 sint
1515 2348 1648 2377 usum

315 2479 341 2525 1)
365 2479 558 2516 Francisci
581 2479 713 2527 Vigeri
736 2481 1029 2528 Rotomagensis
1054 2481 1102 2518 de
1125 2480 1339 2527 praecipuis
1372 2480 1543 2517 Graecae
1573 2480 1648 2517 dic-

193 2536 307 2573 tionis
330 2537 530 2574 idiotismis
554 2537 650 2574 liber
674 2538 786 2584 (edid.
812 2538 856 2575 G.
880 2539 1129 2584 Hermannus)
1153 2549 1242 2585 pag.
1266 2538 1346 2574 442.

311 2595 340 2639 2)
364 2596 427 2632 Ad
450 2596 579 2642 Eurip.
603 2596 701 2633 Med.
726 2608 825 2633 vers.
851 2598 929 2634 215.

309 2652 340 2697 3)
364 2652 517 2690 Miscell.
542 2664 619 2691 soc.
643 2654 708 2691 lat.
732 2654 886 2692 Vratisl.
912 2656 1013 2702 1863,
1036 2665 1125 2702 pag.
1154 2655 1278 2692 9-19.

308 2709 339 2754 4)
363 2710 515 2747 Miscell.
542 2722 630 2748 sem.
655 2712 720 2748 lat.
745 2712 899 2749 Vratisl.
925 2713 1027 2758 1865,
1051 2723 1140 2758 pag.
1166 2712 1267 2748 1-7.

310 2769 339 2815 ⁵)
364 2769 422 2805 De
452 2769 650 2815 particulis
679 2769 761 2822 πφίν
785 2774 825 2808 et
847 2767 972 2823 πάρος
993 2781 1197 2818 earumque
1228 2782 1300 2807 usu
1331 2770 1531 2807 Homerico
1556 2769 1646 2806 diss.

194 2829 347 2876 Lipsiae
370 2827 471 2864 1874.

1420 2901 1439 2938 1
