1836 3175
1583 201 1640 247 33

195 328 412 387 quomodo
457 328 625 370 factum
665 326 737 375 sit,
784 330 836 368 ut
882 323 1034 368 eadem
1077 325 1297 381 particula
1339 340 1450 382 quae
1490 328 1641 372 infini-

148 392 150 394 ’
194 400 340 454 tivum
369 397 486 453 regit
514 394 645 437 modo
676 408 847 449 quoque
878 394 1007 437 finito
1038 394 1269 450 potiretur.
1333 395 1522 439 Ineunte
1554 397 1642 440 dis—

194 466 435 511 sertatione
465 464 695 507 docuimus
726 462 986 506 adverbium
1016 464 1099 517 νῳίν
1129 462 1237 506 duas
1266 464 1518 519 ingressum
1548 480 1642 509 esse

195 537 304 588 vias),
353 547 542 590 quarum
590 532 731 576 altera
764 532 819 575 ad
866 532 1146 576 infinitivum
1191 532 1333 576 altera
1375 533 1430 577 ad
1463 533 1643 577 modum

194 606 374 649 finitum
390 603 582 645 duxerit.
622 602 753 644 Hanc
767 607 953 644 naturae
969 602 1234 658 originariae
1251 604 1643 646 commutationem

194 672 468 729 pedetentim
507 671 669 714 factam
715 685 811 713 esse
848 670 1078 726 probabile
1122 677 1201 714 est.
1263 672 1333 714 Ac
1376 685 1507 714 nemo
1552 671 1644 714 fere

194 756 360 794 eorum,
392 740 552 797 quibus
582 739 636 783 de
664 740 747 783 hac
776 740 996 796 particula
1026 739 1199 784 dicendi
1230 740 1401 784 occasio
1431 740 1535 785 data
1561 747 1643 794 est,

194 815 272 854 aut
301 810 553 854 breviorem
583 815 660 853 aut
689 810 1006 852 accuratiorem
1037 809 1091 852 de
1120 809 1203 852 hac
1240 823 1289 852 re
1317 811 1644 866 expositionem

196 879 476 922 detrectavit.
552 880 616 921 Et
665 879 863 934 profecto
908 879 1008 920 viae
1061 892 1147 933 qua
1191 893 1245 920 ex
1299 880 1520 934 particula
1562 882 1644 934 τφίν

195 948 449 992 coniunctio
481 949 625 992 evasit
654 948 951 1005 perscrutatio
974 961 1065 990 non
1096 947 1241 990 solum
1262 947 1316 990 ad
1339 948 1431 991 vim
1451 953 1645 1004 potesta-

194 1023 372 1073 temque
392 1019 637 1074 particulae
658 1018 799 1073 ipsius
828 1017 1187 1072 intellegendam,
1219 1017 1295 1059 sed
1317 1018 1451 1060 etiam
1471 1018 1527 1060 ad
1546 1019 1645 1060 uni-

194 1101 372 1130 versam
427 1088 632 1144 syntaxis
682 1087 901 1130 rationem
954 1085 1308 1143 perspiciendam
1365 1100 1645 1142 summopere

194 1156 329 1199 valet.
389 1157 547 1212 Itaque
576 1171 658 1199 nos
685 1170 859 1211 quoque
890 1156 994 1198 huic
1025 1156 1275 1210 quaestioni
1306 1155 1643 1211 pertractandae

195 1239 374 1281 operam
418 1225 692 1270 navabimus.
753 1225 901 1268 Multo
947 1229 1095 1267 autem
1140 1224 1315 1267 facilius
1361 1225 1470 1268 haec
1514 1239 1647 1280 quam

194 1294 317 1349 prior
376 1293 617 1350 disputatio
677 1293 805 1337 nobis
866 1293 1088 1349 procedet.
1180 1293 1339 1336 Altera
1398 1294 1518 1337 enim
1564 1296 1646 1349 ψίν

194 1363 438 1419 particulae
488 1378 586 1406 cum
650 1363 879 1406 infinitivo
937 1368 1166 1406 structura
1223 1362 1311 1404 iam
1362 1362 1410 1405 in
1460 1363 1647 1406 Homeri

195 1431 466 1475 carminibus
521 1431 719 1489 perfecta
775 1437 820 1474 et
880 1432 1003 1475 varie
1062 1430 1242 1473 exculta
1291 1435 1440 1474 exstat
1448 1447 1459 1484 ;
1519 1432 1647 1475 verbi

195 1507 343 1544 autem
396 1502 516 1544 finiti
575 1516 682 1544 usus
743 1502 869 1556 quasi
926 1501 1055 1544 nobis
1119 1500 1376 1543 videntibus
1433 1503 1645 1544 nascitur·

197 1568 336 1614 Cuius
381 1576 433 1615 ut
464 1585 684 1628 exponam
719 1570 937 1627 originem
983 1569 1037 1614 ab
1083 1568 1295 1613 adverbio
1326 1569 1647 1614 exordiendum

195 1654 290 1683 esse
319 1641 434 1683 mihi
463 1641 655 1684 videtur.

310 1734 469 1776 Priore
506 1734 604 1776 loco
651 1748 804 1776 eorum
843 1732 1152 1787 exemplorum
1195 1733 1415 1776 rationem
1452 1741 1648 1776 contem-

195 1802 383 1857 plemur,
406 1817 595 1857 quorum
615 1802 839 1844 sententia
858 1801 913 1843 ad
933 1806 1109 1856 tempus
1127 1803 1419 1856 praeteritum
1436 1804 1646 1857 pertinet.

197 1871 450 1915 Primordia
479 1872 713 1927 potestatis
746 1885 802 1914 ex
833 1885 884 1913 ea
913 1884 961 1912 re
990 1870 1104 1912 mihi
1143 1870 1385 1926 repetenda
1422 1871 1647 1924 videntur,

197 1940 314 1996 quod
354 1941 403 1984 in
442 1940 712 1984 carminibus
749 1939 1001 1982 Homericis
1039 1938 1303 1982 adverbium
1341 1941 1424 1995 πρίν
1466 1941 1650 1984 ineunte

198 2011 429 2054 enuntiato
480 2011 678 2066 positum
735 2023 1051 2065 saepenumero
1101 2009 1157 2052 ad
1205 2010 1476 2053 sententiam
1525 2017 1651 2054 ante-

198 2080 427 2123 cedentem
460 2079 654 2135 respicit.
715 2078 929 2135 Exempli
964 2078 1110 2134 gratia
1138 2079 1320 2122 nomino
1362 2078 1397 2119 Φ
1429 2080 1649 2125 177—79:

740 2171 784 2210 τὸ
816 2170 862 2210 δὲ
892 2170 1080 2226 τέτρατον
1110 2170 1232 2226 ἤθελε
1263 2173 1378 2227 θυμῷ

405 2241 495 2289 ἆξαι
525 2240 765 2295 ἐπιγνάμψας
792 2240 889 2295 δόρυ
916 2242 1081 2294 μείλινον
1111 2242 1293 2282 Αἰακίδαο

405 2311 501 2350 ἀλλὰ
531 2311 612 2365 πρὶν
639 2308 810 2365 Ἀχιλεὺς
837 2308 982 2364 σχέδον
1013 2309 1103 2365 ἄορι
1132 2310 1255 2365 θυμὸν
1287 2310 1453 2365 ἀπηύρα.

202 2401 393 2445 Schema
423 2405 580 2447 existit
610 2404 712 2445 hoc:
752 2409 992 2458 antequam
1022 2404 1137 2446 actio
1174 2404 1388 2459 primaria
1424 2403 1479 2445 ad
1516 2404 1652 2446 finem

199 2474 419 2526 pervenit,
466 2473 726 2516 secundaria
761 2474 1014 2529 interrupta
1051 2478 1131 2516 est.
1201 2472 1268 2515 Of.
1312 2474 1340 2513 θ
1377 2472 1475 2518 498.
1539 2472 1651 2516 Sen-

200 2543 342 2585 tentia
392 2544 604 2598 primaria
653 2548 731 2586 aut
780 2543 1085 2586 condicionem
1142 2542 1376 2586 durantem
1426 2543 1650 2599 exprimit,

201 2624 311 2664 quae
364 2613 562 2657 nondum
612 2613 817 2655 absoluta
870 2617 978 2664 erat,
1026 2626 1163 2667 quum
1212 2612 1473 2654 secundaria
1516 2613 1653 2654 inter-

202 2680 380 2733 cideret,
417 2683 563 2734 (velut
594 2683 663 2724 his
695 2696 805 2737 quos
826 2682 956 2725 modo
988 2682 1123 2725 attuli
1152 2682 1294 2733 locis),
1327 2687 1404 2725 aut
1434 2682 1652 2724 actionem

201 2763 292 2792 non
322 2751 578 2806 perfectam,
610 2766 720 2808 quae
751 2751 1013 2795 secundaria
1035 2752 1379 2808 superveniente
1398 2750 1650 2807 impeditur,

202 2820 439 2875 quominus
485 2823 757 2876 perficiatur.
832 2822 889 2864 In
938 2822 1087 2877 priore
1137 2821 1444 2876 exemplorum
1492 2832 1651 2876 genere

1424 2901 1443 2934 3
