1836 3175
1543 194 1599 236 55

153 319 245 375 Κυρ.
275 317 383 364 παιδ.
407 317 515 369 VII,
551 316 586 369 1,
625 317 710 371 17);
740 332 830 362 uno
850 318 948 362 loco
964 320 1207 375 optativus
1238 320 1394 363 aoristi
1421 335 1523 363 cum
1552 319 1599 360 ἄν

151 385 374 433 antecedit
403 386 525 427 Οἶκον.
548 384 614 439 12,
648 386 665 429 1
702 385 806 437 (ἐπεὶ
833 386 906 428 οὐκ
933 386 979 427 ἂν
1008 387 1224 442 ἀπέλθοιμι,
1254 387 1337 444 τφὶν
1366 388 1599 429 παντάπασιν

150 459 176 513 ἡ,
214 455 345 512 ,ἀγορὰ
379 453 533 511 λυθῇ),
586 455 723 499 semel
773 456 962 500 verbum
1005 456 1187 512 petendi
1236 456 1392 497 δεῖσθαι
1433 455 1512 497 Ἀν.
1561 458 1598 508 1,

153 526 191 578 1,
206 532 210 535 “
225 524 278 569 10
307 524 449 577 (δεῖται
482 524 536 579 μὴ
565 524 737 579 τςοόσθεν
773 526 998 573 καταλῦσαι,
1037 526 1120 580 ιςοὶν
1149 525 1194 565 ἂν
1230 525 1599 580 συμβουλεύσηται),

151 593 290 639 semel
320 592 507 638 verbum
536 596 677 651 χρῆναι
715 592 787 636 Ἀν.
817 594 874 647 V,
913 593 953 647 7,
993 595 1033 638 5.
1096 594 1254 639 Sexies
1284 596 1400 638 ratio
1430 595 1602 651 periodi

152 669 221 708 est
250 664 473 716 iteratim,
512 664 578 707 ita
606 670 658 708 ut
687 671 863 720 tempus
893 678 1103 720 praesens
1134 670 1323 717 anteeat,
1365 665 1601 720 quinquies

151 732 421 779 indicativus
451 731 568 785 (Ἕλλ.
598 733 681 786 VI,
706 727 753 786 ’3,
788 730 861 785 16;
885 730 1042 787 Ἀπομν.
1063 732 1144 783 IV,
1167 731 1207 784 2,
1230 732 1305 785 253
1333 732 1433 788 ‘Iep.
1463 732 1503 786 6,
1530 732 1601 787 13;

153 802 288 856 Κυνηγ.
318 800 359 853 3,
392 800 417 845 6
448 806 494 844 et
524 803 564 852 5,
596 801 655 853 2),
687 801 825 844 semel
853 802 1144 857 participium
1173 801 1288 855 (Κυρ.
1309 802 1410 841 παιδ.
1430 803 1467 854 Ι,
1490 802 1530 854 2,
1550 802 1600 847 8;

152 871 294 927 ὁρῶσιν
324 869 370 911 οὐ
398 869 571 926 πρόσθεν
598 869 789 922 ἀπιόντας,
820 869 903 924 πρὶν
930 868 977 909 ἂν
1003 864 1168 923 ἀφῶσι).
1217 869 1303 911 His
1323 869 1434 912 locis
1463 872 1602 913 omni-

152 941 235 984 bus
265 942 407 985 oratio
438 945 507 983 est
536 946 670 984 recta.
732 939 1060 984 Coniunctivus
1089 940 1228 996 igitur
1257 946 1359 995 post
1388 942 1471 995 πρίν
1502 955 1605 984 con-

152 1010 424 1054 iunctionem
442 1008 689 1053 adhibetur.
703 1009 867 1052 -Iam
882 1013 1127 1065 sequantur
1141 1013 1242 1052 octo
1258 1009 1476 1065 exempla,
1494 1024 1605 1065 quae

154 1079 369 1121 orationis
408 1078 613 1132 obliquae
657 1078 801 1120 forma
835 1083 1041 1130 utuntur,
1079 1093 1269 1133 quorum
1309 1074 1397 1121 duo
1427 1084 1603 1122 tantum

154 1144 493 1192 coniunctivum
548 1152 845 1190 servaverunt
891 1146 1006 1203 (Κυρ.
1052 1148 1154 1187 παιδ.
1199 1147 1262 1200 ΙΙ,
1314 1147 1353 1199 2,
1404 1146 1450 1190 8:
1502 1147 1605 1187 εἷπον

150 1216 303 1272 μηδένα
324 1218 408 1256 τῶν
438 1215 597 1256 ὄπισθεν
617 1216 817 1264 κινεῖσθαι,
847 1217 930 1271 πρὶν
960 1215 1006 1256 ἂν
1030 1217 1053 1256 ὁ
1073 1216 1246 1272 τςοόσθεν
1265 1217 1399 1271 ἡγῆται
1418 1222 1464 1260 et
1482 1217 1605 1271 Συμπ.

154 1287 281 1340 φιλοσ.
297 1284 338 1339 4,
354 1282 449 1339 28),
481 1290 627 1329 cetera
657 1300 736 1329 sex
758 1291 853 1329 tota
872 1285 1045 1342 periodi
1064 1291 1293 1329 structura
1312 1286 1361 1328 in
1391 1287 1605 1330 orationis

155 1355 358 1411 obliquae
380 1355 568 1399 formam
592 1355 772 1399 redacta
800 1356 849 1398 in
878 1356 1132 1414 optativum
1161 1356 1438 1399 transierunt
1458 1354 1548 1408 (Ἀν,
1567 1357 1604 1409 Ι,

154 1425 195 1478 2,
217 1425 244 1469 2
253 1441 264 1478 ;
286 1425 390 1466 Ἓλλ-
410 1425 473 1478 ΙΙ,
495 1423 535 1477 3,
556 1423 613 1469 48
644 1425 750 1478 [bis]
760 1441 770 1478 ;
805 1425 866 1477 II,
888 1424 929 1478 4,
955 1423 1026 1480 183
1054 1425 1137 1478 VI,
1159 1426 1199 1476 5,
1225 1424 1297 1479 193
1329 1425 1423 1481 Κυρ.
1443 1427 1546 1467 παιδ.
1567 1427 1604 1479 Ι,

154 1495 195 1549 4,
227 1495 315 1547 14).
378 1494 602 1549 Quattuor
632 1495 742 1538 locis
772 1500 895 1539 totus
925 1495 1168 1540 verborum
1198 1495 1412 1538 circuitus
1441 1496 1607 1551 pendet-

155 1580 182 1608 a
224 1565 375 1609 verbis
423 1564 610 1617 dicendi,
663 1565 728 1608 ita
770 1569 822 1608 ut
865 1565 1122 1610 infinitivus
1164 1565 1399 1622 negatione
1440 1565 1494 1620 μή
1539 1566 1606 1608 in-

155 1640 354 1679 structus
392 1639 603 1690 sequatur
640 1640 685 1677 et
721 1634 799 1677 ifle
839 1633 1018 1689 quidem
1055 1640 1126 1678 ter
1160 1635 1421 1690 praesentis,
1469 1635 1605 1678 semel

156 1710 258 1761 post
300 1704 488 1750 verbum
534 1704 799 1760 ὑπισχνεῖσθαι
841 1704 995 1748 futuri.
1057 1704 1246 1748 Duobus
1293 1704 1451 1747 ceteris
1496 1704 1606 1747 locis

156 1773 378 1818 antecedit
407 1774 663 1817 infinitivus
685 1787 799 1817 cum·
818 1772 863 1813 ἄν
883 1773 1104 1830 particula
1124 1774 1388 1817 coniunctus
1408 1773 1606 1829 pendens

156 1859 182 1887 a
211 1844 349 1889 verbo
381 1843 509 1898 οἴομαι
535 1842 636 1883 Ἔλλ.
663 1844 726 1895 ΙΙ,
757 1841 798 1895 3,
830 1842 899 1896 48,
930 1844 1009 1886 ubi
1038 1844 1167 1888 brevi
1196 1844 1339 1900 spatio
1371 1844 1606 1887 interiecto

157 1913 243 1957 duo
275 1913 602 1957 coniunctionis
633 1914 715 1968 ποίν
734 1913 941 1969 exempla
960 1917 1156 1966 exstant,
1187 1927 1375 1969 quorum
1406 1915 1532 1969 prius
1552 1913 1608 1956 ad

156 1983 437 2027 infinitivum
484 1983 732 2038 praesentis
783 1982 889 2031 εἶναι,
948 1983 1171 2038 posterius
1224 1983 1278 2025 ad
1328 1984 1606 2026 infinitivum

157 2052 312 2096 aoristi
343 2051 576 2107 ἐγγενέσθαι
615 2057 799 2108 spectat.
831 2076 888 2082 —
918 2050 1225 2095 Memorabilis
1258 2066 1365 2095 vero
1395 2058 1464 2095 est
1491 2067 1607 2096 unus

159 2122 415 2165 Anabaseos
445 2122 570 2165 locus
591 2121 697 2174 VII,
721 2121 760 2174 7,
783 2121 852 2165 57.
913 2122 969 2165 In
1000 2122 1181 2178 optimis
1214 2121 1439 2164 codicibus
1471 2121 1609 2164 verba

158 2191 221 2235 sic
265 2191 496 2248 leguntur:
547 2190 839 2245 προσελθόντες
879 2190 926 2231 δὲ
972 2190 1080 2245 αὐτῷ
1124 2192 1162 2230 οἱ
1212 2189 1417 2245 ἐπιτήδειοι
1465 2190 1506 2231 ἐν
1551 2196 1607 2244 τῷ

158 2261 414 2317 στρατοπέδῳ
445 2260 604 2302 ἐδέοντο
621 2260 675 2316 μὴ
696 2261 888 2309 ἀπελθεῖν,
919 2261 1001 2316 πρὶν
1031 2259 1077 2301 ἂν
1098 2260 1278 2317 ἀπαγάγῃ
1309 2260 1353 2301 τὸ
1383 2261 1609 2316 στράτευμα

158 2331 221 2370 καὶ
255 2331 422 2387 Θίβρωνι
459 2331 665 2387 παραδοίη.
724 2331 914 2374 Minime
951 2331 1172 2376 assentior
1204 2330 1491 2382 Sckenkelio,
1533 2332 1607 2385 qui

159 2398 304 2445 deleto
331 2400 411 2444 illo
433 2399 479 2441 ἄν
507 2402 699 2458 priorem
730 2400 1065 2445 coniunctivum
1093 2400 1142 2443 in
1163 2401 1415 2456 optativum
1435 2405 1609 2443 mutare

159 2470 272 2515 vult.
347 2472 633 2515 Probabilius
690 2477 762 2515 >est
813 2471 1163 2527 Xenophontem
1216 2472 1446 2526 scripsisse
1507 2485 1608 2514 con-

158 2538 411 2586 iunctivum
448 2542 627 2598 παραδῷ.
690 2540 863 2586 Similis
904 2540 1157 2597 corruptela
1192 2541 1245 2593 in,
1278 2541 1366 2583 alio
1406 2540 1608 2583 Helleni-

160 2619 312 2652 corum
326 2610 424 2655 loco
441 2612 581 2655 latere
598 2611 787 2655 videtur.
827 2611 1019 2666 Legitur
1037 2610 1156 2653 enim
1171 2611 1234 2662 II,
1251 2610 1292 2662 4,
1316 2608 1386 2653 18:
1412 2610 1567 2665 καὶγὰρ
1586 2610 1608 2648 ὁ

156 2675 291 2727 μάντις
316 2681 578 2735 παρήγγελλεν
611 2681 742 2724 αὐτοῖς
766 2680 819 2735 μὴ
840 2680 1030 2735 πρότερον
1061 2679 1314 2727 ἐπιτίθεσθαι,
1344 2681 1427 2733 miv
1457 2679 1503 2720 ἂν
1533 2681 1608 2719 τῶν

160 2744 367 2801 σφετέρων
396 2747 418 2803 ἢ
454 2748 567 2790 πέσοι
600 2765 657 2794 τις
684 2748 706 2804 ἢ
742 2748 928 2805 τρωθείη.
987 2748 1122 2791 Hunc
1158 2748 1306 2791 locum
1347 2748 1492 2792 critici
1531 2754 1608 2790 aut

159 2813 223 2856 ita
260 2818 492 2861 emendare
529 2820 812 2872 studuerunt,
858 2824 910 2862 ut
955 2818 1100 2862 deleto
1142 2818 1222 2862 illo
1269 2817 1314 2858 ἄν
1357 2818 1605 2874 optativum
