1836 3175
1589 223 1644 269 23

197 350 341 395 altero
371 352 468 397 loco
498 352 580 408 VI,
612 350 681 403 76,
720 351 735 393 1
771 351 995 395 obiectum
1025 350 1248 395 enuntiati
1276 350 1329 404 μὴ
1360 350 1459 405 ὑμᾶς
1486 353 1646 393 πείσωσι

197 420 252 463 ad
271 422 606 464 antecedentem
621 420 903 463 infinitivum
923 419 1112 463 subiecti
1129 419 1227 462 vice
1247 420 1548 463 revocandum
1564 428 1645 464 est.

310 491 409 534 Hoc
428 490 526 533 loco
549 488 691 531 facere
711 502 801 531 non
822 502 1017 543 possum,
1048 488 1156 543 quin
1180 487 1234 530 de
1257 487 1451 531 dictione
1471 489 1647 545 Thucy-

196 559 311 604 didis
348 559 529 616 propria
568 556 757 600 verbum
795 556 968 600 addam.
1034 557 1224 601 Duobus
1261 557 1370 600 locis
1407 558 1469 609 II,
1508 556 1577 608 53,
1621 557 1647 599 4

202 635 248 674 et
291 630 399 682 VII,
445 626 514 680 28,
566 626 592 670 2
641 627 928 672 enuntiatum
976 642 1003 671 a
1050 628 1134 683 πρίν
1182 627 1404 684 particula
1450 627 1648 684 pendens

195 699 461 743 attractione
491 697 681 752 quadam
711 697 897 740 relativa
918 698 1068 742 verbis
1099 697 1465 743 antecedentibus
1496 698 1650 755 agglu-

197 769 389 812 tinatum
415 771 497 810 est.
549 767 762 824 Legimus
784 767 846 820 II,
878 765 947 820 53,
978 766 1024 811 4:
1055 766 1098 823 ἣν
1118 768 1201 823 πρὶν
1231 766 1412 822 ἐμπεσεῖν
1431 767 1538 811 εἰκὸς
1556 767 1651 809 εἶναι

196 839 264 878 τοῦ
297 838 389 889 βίου
427 852 461 876 τι
498 836 726 877 ἀπολαῦσαι.
794 824 1051 881 Pronomen
1090 838 1331 881 relativum
1370 837 1650 881 referendum

197 912 266 950 est
295 906 351 950 ad
379 920 543 950 nomen
572 904 838 949 antecedens
870 907 1049 962 τιμωρία.
1110 905 1372 962 Simplicius
1410 906 1649 951 dicendum

197 981 293 1018 crat
322 977 386 1015 καὶ
415 977 497 1030 πρὶν
528 974 669 1030 ταύτην
698 975 891 1029 ἐμπεσεῖν.

312 1044 435 1089 Haec
474 1045 583 1088 satis
625 1048 757 1087 sunto
794 1044 847 1088 de
885 1059 969 1088 usu
998 1044 1219 1089 infinitivi
1249 1058 1274 1088 a
1310 1045 1393 1099 πρίν
1433 1044 1652 1101 particula

199 1114 431 1170 pendentis
463 1113 766 1169 Thucydideo.

319 1297 346 1357 ξ
383 1298 423 1343 4.
484 1298 564 1341 Dc
602 1313 698 1341 usu
728 1297 1021 1342 infinitivi
1058 1313 1084 1342 a
1120 1300 1223 1354 πρίν
1264 1299 1537 1355 particula

549 1367 849 1424 pendentis
892 1368 1304 1424 Xenophonteo,

312 1460 433 1505 Usus
475 1460 693 1504 infinitivi
724 1475 825 1504 cum
862 1461 945 1515 πρίν
983 1460 1204 1516 particula
1243 1461 1470 1505 coniuncti
1499 1461 1653 1506 Xeno-

199 1532 434 1587 phonteus,
502 1544 767 1585 quamquam
835 1544 1021 1572 numero
1080 1530 1389 1586 exemplorum
1455 1536 1653 1587 praestat

200 1600 500 1657 Thucydiden,
533 1605 660 1643 tanta
678 1600 896 1644 varietate
925 1614 1018 1644 non
1041 1600 1238 1644 excellit.
1287 1599 1492 1645 Eandem
1520 1615 1653 1657 quam

199 1671 245 1713 in
277 1669 551 1726 Thucydidis
584 1670 801 1725 exemplis
839 1669 1060 1712 rationem
1097 1669 1363 1725 disponendi
1403 1685 1651 1726 sequamur.

198 1743 355 1797 Itaque
404 1741 668 1797 incipiamus
718 1740 772 1783 ab
831 1740 1165 1784 enumeratione
1223 1755 1377 1783 eorum
1438 1740 1651 1794 locorum,

198 1824 388 1866 quorum
437 1810 660 1853 sententia
686 1808 911 1866 primaria
970 1809 1225 1853 continetur
1276 1814 1478 1866 tempore
1527 1823 1652 1866 prae-

199 1879 349 1923 terito.
413 1902 465 1909 —-
525 1878 714 1922 Duobus
774 1879 883 1922 locis
952 1883 1101 1922 exstat
1168 1879 1652 1935 plusquamperfectum

197 1950 245 1991 in
265 1949 497 1991 enuntiato
528 1949 740 2003 primario
758 1946 846 1990 Ἑλλ.
864 1948 947 2000 VI,
969 1948 1010 1999 4,
1040 1946 1091 1991 13
1124 1953 1169 1990 et
1189 1948 1283 2002 Κυρ.
1314 1948 1417 1987 παιδ.
1448 1948 1485 1999 Ι,
1508 1947 1548 2000 6,
1581 1946 1650 2000 39,

200 2017 247 2060 id
292 2017 410 2073 quod
454 2017 571 2074 apud
609 2017 917 2074 Thucydidem
961 2031 1182 2073 nusquam
1226 2016 1431 2061 occurrit.
1493 2017 1653 2060 Priore

199 2087 297 2129 loco
318 2086 803 2142 plusquamperfectum
833 2087 1103 2130 sententiam
1122 2087 1383 2143 primariam
1400 2087 1653 2143 graviorem

198 2156 350 2209 efficit,
396 2155 442 2199 id
486 2156 603 2212 quod
648 2157 869 2213 particula
909 2158 957 2213 δή
1001 2156 1152 2200 addita
1201 2157 1336 2200 etiam
1380 2156 1652 2200 luculentius

199 2226 548 2268 demonstratur:
587 2227 670 2281 πρὶν
706 2227 771 2266 καὶ
806 2226 1018 2267 αἰσθέσθαι
1055 2227 1099 2265 τὸ
1136 2224 1226 2280 μετ’
1269 2225 1388 2265 αὐτοῦ
1426 2227 1653 2279 στράτευμα

199 2296 256 2336 ὅτι
276 2296 419 2351 ἡγοῖτο,
448 2296 515 2336 καὶ
543 2295 591 2351 δὴ
611 2296 676 2337 καὶ
706 2297 744 2337 οἷ
763 2297 884 2341 ἱππεῖς
916 2295 1261 2351 συνεβεβλήκεσαν
1281 2295 1345 2336 καὶ
1375 2294 1472 2351 ταχὺ
1493 2294 1651 2351 ἥττηντο

199 2367 237 2404 οἱ
275 2367 351 2404 τῶν
391 2364 724 2419 Λακεδαιμονίων.
792 2364 963 2409 Sensus
1010 2370 1103 2408 est:
1152 2369 1390 2419 antequam
1429 2366 1652 2407 exercitus

199 2435 413 2478 sensisset
434 2432 771 2478 Cleombrotum
792 2434 1042 2490 procedere,
1074 2434 1255 2477 iamiam
1293 2433 1464 2488 equites
1493 2448 1651 2477 manus

200 2508 529 2546 conseruerant.
605 2503 662 2546 In
705 2503 846 2547 altero
892 2503 1098 2559 exemplo
1144 2502 1238 2557 Καρ.
1284 2502 1386 2542 παιὸ.
1431 2502 1469 2554 I,
1517 2502 1556 2554 6,
1596 2501 1650 2547 39

199 2573 281 2623 (καὶ
311 2574 394 2626 πρὶν
423 2573 613 2614 κινεῖσθαι
650 2574 722 2617 τὰς
749 2572 910 2628 ὄρνιθας·
937 2573 1161 2627 ἐπεποίηντό
1191 2587 1254 2612 σοι
1283 2573 1324 2612 αἱ
1352 2572 1470 2626 πάγαι
1503 2572 1651 2624 αὐταῖς)

201 2655 360 2685 sensus
387 2646 456 2685 est
484 2642 741 2686 iterativus:
772 2648 1011 2699 antequam
1046 2656 1152 2686 aves
1188 2641 1360 2685 moveri
1387 2641 1648 2698 inciperent,

200 2712 288 2754 iam
319 2710 465 2765 laquei
494 2712 643 2767 parati
673 2726 769 2755 esse
800 2712 1014 2755 solebant.
1080 2710 1255 2754 Similis
1286 2717 1356 2753 est
1383 2711 1508 2754 locus
1529 2712 1648 2762 Αναβ.

200 2780 237 2832 Ι,
288 2778 352 2831 10,
402 2778 467 2830 19,
517 2780 594 2823 ubi
645 2782 836 2825 aoristus
882 2781 1006 2836 ἐφάνη
1052 2794 1186 2824 sensu
1231 2780 1648 2836 plusquamperfecti

200 2853 440 2906 usurpatus
484 2853 552 2893 est
595 2851 696 2905 (πρὶν
739 2851 815 2907 γὰρ
860 2850 907 2906 δὴ
950 2851 1163 2893 καταλῦσαι
1204 2850 1248 2891 τὸ
1287 2843 1511 2905 στράτευμα
1555 2848 1651 2904 πρὸς
