1836 3175
1628 186 1683 231 53
1766 216 1769 218 .

235 314 454 373 exemplis
489 313 588 367 (Ἀνι
617 314 706 367 III,
742 313 778 367 l,
820 311 894 368 163
934 314 1024 368 III,
1057 313 1097 368 2,
1128 313 1205 368 29;
1244 314 1326 366 VI,
1361 313 1398 366 1,
1428 313 1506 368 273
1536 313 1685 356 Λακεδ.

235 387 319 428 πολ.
346 383 391 442 8,
421 385 468 436 5)
497 383 612 430 ratio
642 384 751 429 haec
778 388 862 437 ost,
892 388 945 428 ut
973 384 1200 429 sententia
1216 383 1430 441 primaria
1454 384 1684 429 enuntiato

236 454 551 500 coniunctione
595 454 654 494 ὅτι
696 453 880 499 inducto
924 455 1216 511 exprimatur.
1289 453 1501 510 Exempli
1543 453 1688 510 gratia

235 538 378 569 unum
396 523 547 567 locum
570 521 646 564 ’.Αν
665 522 759 577 ΠΙ,
774 522 826 585 ,1,
860 522 912 568 16
943 523 1211 569 adscribam:
1242 525 1282 565 οἱ
1306 522 1436 579 μὲνγ
1411 522 1489 578 γὰρ
1516 521 1688 577 πολέμιοι

235 594 350 649 δῆλον
387 592 446 633 ὅτι
481 591 529 632 οὐ
558 592 751 648 mamm
744 594 883 673 ”w
915 594 1018 648 ἡμᾶς
1050 594 1116 634 τὸν
1153 594 1320 648 πόλεμον
1357 592 1566 648 ἐξέφηναν,
1605 593 1688 647 φιν

236 664 425 719 ἐνόμισαν
432 663 565 707 καλῶς
575 661 626 703 τὰ
640 661 790 704 ἑαυτῶν
805 662 1198 723 παρασκευάσασθαι.
1241 662 1367 706 Haec
1381 660 1688 705 subordinatio

237 732 549 779 coniunctione
578 732 637 772 ὅτι
673 733 830 786 effecta
863 732 986 775 haud
1021 733 1178 788 procul
1215 732 1342 775 abest
1370 732 1425 775 ab
1455 731 1688 776 enuntiato

236 816 316 860 per
353 816 402 846 se
432 801 670 847 constanti.
730 801 933 857 Namque
971 815 1028 844 ex
1058 799 1333 845 Graecorum
1368 800 1689 845 consuetudine

237 878 414 917 tantum
448 871 575 916 abest
609 876 662 914 ut
700 871 987 914 enuntiatum
1024 864 1347 926 explicativum
1383 870 1604 926 particula
1631 870 1690 911 ὅτι

235 933 470 987 inductum
506 940 590 985 sub
620 940 850 984 dominatu
886 940 1110 988 enuntiati
1145 940 1343 998 regentis
1383 945 1602 992 teneatur,
1640 946 1689 983 ut

237 1012 335 1055 sine
363 1011 459 1054 ulla
487 1009 721 1053 modorum
749 1010 998 1053 mutatione
1028 1010 1124 1054 vim
1154 1024 1278 1053 suam
1310 1015 1473 1053 teneat.
1534 1009 1692 1065 Itaque

239 1079 532 1126 conformatio
578 1078 818 1123 verborum
866 1091 918 1122 ac
962 1084 1215 1136 temporum
1262 1079 1395 1135 plane
1445 1093 1547 1121 cum
1591 1078 1691 1121 aliis

237 1149 455 1207 exemplis
495 1149 716 1206 congruit.
786 1148 872 1191 His
910 1149 1030 1191 enim
1068 1154 1281 1204 quattuor
1316 1149 1427 1192 locis
1468 1149 1506 1192 si
1542 1148 1692 1193 demas

238 1220 322 1276 ὁρῶ
365 1219 463 1278 sive
505 1218 620 1275 δῆλον
663 1218 732 1267 ὅτι,
788 1223 930 1262 restat
973 1217 1153 1262 schema
1195 1217 1595 1276 Xenophonteum:
1619 1219 1623 1223 '
1646 1218 1692 1258 οὐ

238 1289 428 1347 πρότερον
458 1289 574 1342 (eive
603 1288 795 1345 πρόσθεν)
825 1302 926 1332 cum
948 1282 1105 1332 aorieti
1123 1289 1368 1333 indicativo
1397 1314 1456 1321 —
1484 1290 1569 1346 πρίν
1591 1304 1692 1333 cum

239 1349 497 1404 indicativo.
571 1353 760 1402 Duobus
802 1358 988 1414 reliquis
1032 1359 1143 1403 locis
1188 1359 1331 1403 oratio
1376 1373 1425 1402 re
1469 1373 1578 1403 vera
1625 1363 1693 1402 est

239 1428 433 1485 obliqua.
518 1427 695 1471 Pendet
752 1428 873 1471 enim
928 1429 1211 1472 enuntiatum
1270 1428 1580 1472 secundarium
1637 1429 1692 1472 ab

239 1498 469 1542 infinitivo
506 1498 755 1553 praesentis
793 1496 864 1538 Ἀν.
894 1497 983 1549 ΠΙ,
1024 1495 1065 1549 4,
1087 1494 1154 1559 ,28
1184 1495 1307 1549 (ὥστε
1344 1497 1420 1537 ἀπὸ
1457 1499 1526 1538 τοῦ
1564 1499 1694 1553 τρίτου

238 1568 414 1626 γηῇόφου
452 1563 591 1614 ἔδοξεν
630 1565 762 1611 αὐτοῖς
792 1566 847 1622 μὴ
885 1569 1035 1606 κινεῖν
1074 1560 1167 1610 τοὺς
1200 1566 1452 1634 στρατιώτας,
1495 1568 1579 1623 τφὶν
1617 1568 1693 1608 ἀπὸ

239 1640 308 1692 τῆς
343 1636 478 1683 δεξιᾶς
510 1638 680 1690 πλευρᾶς
713 1637 782 1677 τοῦ
818 1637 991 1676 πλαισίου
1030 1635 1223 1691 ἀνήγαγον
1262 1636 1480 1681 πελταστὰς·
1513 1637 1612 1692 πρὸς
1648 1638 1693 1678 τὸ

239 1704 363 1761 ὅρος),
395 1710 441 1749 et
470 1704 525 1749 ab
554 1705 783 1749 infinitivo
821 1705 977 1763 aoristi
1006 1704 1157 1745 Λακεδ.
1190 1707 1273 1746 πολ.
1300 1704 1341 1758 8,
1377 1706 1395 1748 1
1432 1706 1533 1761 (ἐγὼ
1560 1706 1695 1761 μέντοι

239 1775 322 1815 οὐδ’
347 1775 571 1831 ἐγχειρῆσαι
590 1775 696 1830 οἶμαι
724 1775 915 1830 πρότερον
935 1775 1001 1815 τὸν
1021 1773 1247 1831 Λυκοῦργον
1267 1774 1406 1831 ταύτην
1429 1775 1494 1831 τὴν
1514 1774 1694 1824 εὐταξίαν

238 1844 479 1893 καθιστάναι,
500 1845 583 1900 νςοὶν
603 1844 884 1899 ὁμογνώμονας
901 1843 1109 1899 ἐποιήσατο
1130 1844 1223 1889 τοὺς
1234 1846 1468 1899 κρατίστους
1484 1847 1561 1886 τῶν
1583 1845 1624 1886 ἐν
1648 1850 1694 1901 τῇ

239 1913 382 1968 πόλει).
432 1937 488 1944 -
538 1913 582 1957 Ν
584 1913 708 1956 ovies
767 1918 917 1957 autem
974 1914 1223 1957 sententiae
1279 1920 1325 1957 et
1384 1914 1598 1971 primaria
1648 1920 1695 1958 et

238 1982 500 2026 secundaria
549 1983 742 2038 simplici
792 1983 959 2026 aoristo
1008 1983 1336 2039 exprimuntur.
1410 1983 1538 2026 Inter
1585 1983 1695 2026 haec

239 2052 445 2109 exempla
472 2051 691 2095 formulae
722 2052 936 2108 quaedam
966 2052 1275 2103 inveniuntur,
1307 2066 1415 2107 quas
1437 2052 1695 2108 Xenophon

239 2121 288 2163 in
317 2121 489 2164 deliciis
531 2120 678 2165 habet.
739 2121 796 2164 In
834 2121 941 2178 fuga
973 2122 1094 2164 enim
1134 2122 1367 2178 praecipiti
1406 2121 1695 2166 describenda

239 2196 398 2245 quater
433 2189 555 2242 (“.Ελλ
586 2189 668 2242 IV,
700 2187 740 2242 3,
773 2188 820 2244 8;
861 2190 918 2243 V,
960 2190 1001 2244 4,
1046 2190 1124 2243 45;
1169 2190 1263 2246 Κυρ.
1302 2191 1404 2231 παιδ.
1447 2192 1484 2243 Ι,
1531 2192 1571 2244 4,
1617 2191 1692 2246 23;

233 2258 365 2315 ’Arna
386 2259 426 2312 2,
451 2259 500 2314 4)
525 2274 615 2302 una
637 2259 875 2315 eademque
895 2260 1120 2304 sententia
1147 2259 1307 2303 iisdem
1327 2260 1420 2304 fere
1445 2261 1594 2305 verbis
1616 2275 1693 2305 ex-

239 2329 470 2385 primitur:
517 2326 687 2386 ἔστησαν
731 2328 778 2371 οὐ
821 2329 995 2386 πρόσθεν
1038 2353 1096 2360 —
1140 2330 1222 2386 πρὶν
1262 2353 1321 2360 -
1358 2328 1552 2385 ἐγένοντο.
1623 2331 1693 2374 Eo

235 2399 380 2456 magis
411 2399 577 2442 mirum
605 2405 688 2452 est,
720 2399 836 2455 quod
868 2399 1039 2443 duobus
1076 2401 1187 2444 locis
1218 2400 1313 2455 Kvp.
1350 2401 1453 2442 παιδ.
1488 2401 1525 2454 Ι,
1565 2400 1606 2453 4,
1637 2399 1692 2445 23

238 2473 286 2511 et
309 2466 441 2524 Ἀγησ.
472 2468 512 2521 2,
544 2471 573 2512 4
601 2469 800 2515 melioris
831 2477 964 2515 notae
994 2468 1166 2515 codices
1197 2469 1363 2515 habent
1392 2469 1476 2527 σφὶν
1504 2468 1542 2527 ἤ,
1577 2471 1693 2528 quod

240 2549 296 2578 ex
316 2537 521 2595 analogia
540 2544 791 2582 ceterorum
811 2540 1119 2600 exemplorum
1133 2541 1182 2582 in
1202 2542 1285 2595 πρίν
1305 2542 1498 2596 simplex
1519 2547 1692 2585 mutare

239 2619 331 2648 non
351 2606 520 2652 dubito.
572 2607 746 2653 Deinde
776 2608 921 2653 tribus
943 2609 1053 2655 locis
1078 2608 1155 2653 Ἀν.
1182 2609 1263 2664 VI,
1289 2609 1326 2665 -1,
1358 2609 1433 2665 273
1461 2608 1563 2651 Ἕλλ.
1583 2610 1691 2664 VII,

239 2671 281 2725 4,
306 2672 360 2718 18
367 2690 379 2728 ;
401 2676 523 2718 ozam.
543 2677 584 2730 2,
606 2677 632 2720 9
661 2678 815 2721 eadem
835 2679 1029 2722 formula
1048 2680 1094 2720 οὐ
1115 2681 1287 2735 πρόσθεν
1309 2682 1464 2731 (semel
1484 2682 1693 2736 πρότερον)

239 2740 466 2787 παύσασθαι
493 2770 552 2778 ——
581 2750 666 2803 πρίν
696 2772 766 2798 -,
808 2755 854 2793 et
888 2748 1019 2805 Ἀγησ.
1057 2750 1098 2803 2,
1129 2749 1186 2794 20
1225 2749 1386 2794 similis
1424 2750 1615 2794 elocutio
1645 2749 1690 2790 οὐ

240 2811 430 2868 ’φότόρῡν
461 2812 588 2871 ἔληξε,
614 2819 703 2873 ,πρίν
732 2818 976 2862 invenitur.
