1836 3175
160 222 213 267 12

158 349 285 394 velut
304 351 342 394 si
364 349 646 408 Thucydides
676 351 968 407 perrexisset:
1000 350 1071 390 ὑπὸ
1102 350 1210 390 σίτου
1240 347 1379 404 ἀκμήν.
1421 349 1517 401 (Of.
1538 351 1607 395 in-

156 419 288 463 itium
327 420 433 463 libri
474 420 633 475 quarti,
677 419 753 462 ubi
798 419 982 475 legitur:
1027 420 1094 458 τοῦ
1131 417 1418 472 ἐπιγιγνομένου
1463 418 1610 474 θέρους

156 490 243 543 περὶ
294 490 403 529 σίτου
444 488 641 543 ἐκβολήν.)
718 489 815 531 Iam'
869 502 978 532 vero
1023 487 1071 530 in
1094 486 1348 530 'enuntiato
1393 487 1606 543 primario

156 563 336 601 exstant
367 571 497 600 voces
528 562 699 600 certum
730 557 943 613 temporis
974 556 1170 613 spatium
1201 555 1520 612 significanteS‚
1552 556 1607 599 ad

155 641 263 682 quas
302 626 526 670 sententia
566 640 592 668 a
628 627 710 680 πρίν
747 627 967 682 particula
1011 625 1209 681 pendens
1250 625 1481 682 dirigenda
1524 631 1606 668 est.

153 696 366 751 Exempli
409 695 555 751 gratia
599 696 734 738 affero
776 695 813 747 Ι,
856 694 959 738 125:
1013 694 1190 738 ἐνιαυτὸς
1220 694 1295 749 μὲν
1334 694 1380 734 οὐ
1418 694 1605 749 διετρίβη,

154 763 320 805 ἔλασσον
361 763 407 805 δὲ
447 764 529 820 πρὶν
566 763 761 818 ἐσβαλεῖν.
825 764 1105 820 Quamquam
1148 764 1325 822 negatio
1370 763 1606 817 antecedit,

152 840 301 878 tamen
326 849 482 878 sensus
512 840 581 878 est
600 835 841 891 positivus:
877 850 1015 879 anno
1046 836 1227 878 minus
1260 834 1505 879 contritum
1524 838 1605 885 est,

152 909 448 960 antequam
478 905 782 949 incursionem
812 905 1107 962 susciperent.
1169 903 1237 948 Of.
1269 904 1352 956 VI,
1385 904 1425 957 2,
1458 905 1497 956 5,
1529 902 1606 947 ubi
1651 929 1654 934 ·

152 971 220 1030 ἔτη
262 973 377 1028 ἐγγὺς
419 974 625 1029 τριάκοντα
670 975 919 1018 arctissime
966 975 1174 1018 cohaeret
1215 989 1317 1017 cum
1359 973 1604 1017 infinitivo.

154 1044 275 1098 Quin
320 1044 455 1087 etiam
499 1043 554 1087 ad
599 1058 696 1087 eam
742 1050 929 1087 ventum
981 1049 1051 1088 est
1091 1044 1333 1096 audaciam,
1386 1048 1438 1087 ut
1482 1042 1606 1086 notio

151 1113 474 1171 quodammodo
523 1113 679 1158 localis
726 1113 931 1166 anteiret,
983 1112 1039 1157 ad
1085 1127 1216 1169 quam
1261 1111 1483 1170 particula
1524 1112 1606 1168 πρίν

151 1183 408 1239 pertineret.
454 1183 537 1236 VI,
570 1182 639 1235 97,
673 1182 718 1227 3:
751 1184 902 1224 στάδιοι
933 1184 1016 1239 πρὶν
1044 1181 1246 1238 προςμίξαι
1266 1181 1313 1223 ἐκ
1331 1183 1399 1222 τοῦ
1420 1183 1609 1237 λειμῶνος

152 1252 344 1307 ἐγίγνοντο
381 1252 452 1292 οὐκ
494 1250 664 1293 ἔλασσον
711 1252 734 1308 ἢ
771 1252 898 1294 πέντε.
968 1253 1128 1296 Verte:
1180 1251 1326 1296 stadia
1369 1257 1606 1307 antequam

150 1335 307 1364 manus
329 1336 561 1366 conserere
591 1328 787 1379 possent,
819 1322 923 1366 inde
953 1336 980 1365 a
1008 1327 1138 1379 prato
1159 1320 1459 1378 percurrenda
1478 1327 1607 1364 erant

151 1406 241 1435 non
270 1392 419 1435 minus
451 1407 583 1449 quam
615 1392 822 1449 quinque.

265 1462 396 1505 Hanc
426 1477 534 1506 vero
565 1463 839 1506 locutionem
870 1461 1155 1517 Thucydides
1185 1461 1365 1517 proprie
1395 1459 1606 1503 adhibere

151 1531 277 1585 solet,
315 1545 451 1588 quum
488 1546 584 1575 rem
621 1537 850 1576 narratam
886 1531 983 1575 sive
1021 1529 1290 1574 narrandam
1329 1530 1463 1574 certis
1495 1535 1607 1574 tem-

150 1617 308 1658 porum
353 1601 520 1645 finibus
572 1601 936 1645 circumscribere
983 1602 1102 1654 vult,
1148 1602 1213 1644 ita
1253 1608 1305 1645 ut
1348 1601 1611 1653 terminum,¹

152 1676 253 1727 post
282 1686 413 1727 quem
444 1677 490 1715 et
520 1672 776 1725 terminum,
808 1676 913 1715 ante
934 1685 1066 1727 quem
1091 1685 1162 1714 res
1184 1671 1302 1715 facta
1322 1668 1396 1723 sit,'
1425 1670 1604 1715 indicet.

150 1741 362 1798 Exempli
391 1742 536 1798 gratia
565 1743 748 1785 nomino
779 1742 863 1795 VI,
891 1742 932 1795 4,
963 1741 1008 1785 2:
1039 1742 1122 1797 πρὶν
1152 1741 1199 1782 δὲ
1230 1742 1450 1796 ἀναστῆναι,
1482 1740 1607 1782 ἔτεσιν

152 1809 313 1866 ὕστερον
344 1809 484 1850 ἑκατὸν
515 1809 537 1866 ἦ
568 1810 711 1854 αὐτοὺς
738 1811 889 1859 οἰκίσαι,
922 1811 1109 1866 Πάμιλλον
1139 1810 1365 1867 πέμψαντες
1381 1811 1607 1851 Σελινοῦντα

150 1881 350 1927 ›cz-[Coum.
428 1881 557 1925 Κτίσις
602 1880 854 1925 Selinuntis
908 1882 1041 1926 certis
1095 1882 1343 1925 includitur
1387 1882 1606 1933 terminis,

150 1964 339 2006 quorum
369 1950 497 2004 alter,
534 1950 740 2009 expulsio
773 1950 1033 1995 colonorum
1064 1951 1399 2009 Megarensium
1429 1952 1529 2007 (πρὶν
1560 1950 1607 1991 δὲ

151 2021 373 2077 ἀναστῆναι)
403 2022 490 2065 iam
523 2037 577 2065 ex
610 2022 867 2065 narratione
897 2022 1179 2066 antecedenti
1208 2027 1342 2065 notus
1373 2028 1454 2074 est,
1494 2022 1608 2065 alter

151 2089 355 2135 deductio
373 2091 573 2136 coloniae
589 2106 810 2136 annorum
826 2107 1013 2136 numero
1030 2092 1180 2136 addito
1197 2092 1413 2135 statuitur
1428 2090 1607 2144 (ἔτεσιν

153 2158 362 2214 ὕστερον
401 2159 581 2200 ἑκατὸν
620 2160 643 2215 ἢ
674 2160 820 2206 αὐτοὺς
846 2163 1016 2213 οἰκίσαι).
1058 2162 1132 2205 Ad
1160 2162 1281 2205 hunc
1300 2162 1449 2205 locum
1470 2176 1608 2217 prope

152 2228 320 2272 aceedit
344 2229 458 2273 alius
478 2229 612 2283 VIII,
636 2229 706 2283 45,
732 2230 774 2274 1:
807 2229 848 2271 ἐν
879 2230 925 2271 δὲ
956 2230 1082 2285 τούτῳ
1112 2230 1177 2271 καὶ
1207 2228 1264 2271 ἔτι
1292 2230 1495 2285 πρότερον,
1526 2230 1609 2285 πρὶν

153 2296 196 2341 ἐς
222 2298 286 2353 τὴν
312 2296 438 2339 Ῥόδον
468 2298 612 2344 αὐτοὺς
639 2299 861 2356 ἀναστῆναι,
899 2300 996 2341 τάδε
1028 2300 1265 2356 ἐπράσσετο.
1325 2287 1609 2357 Thucydides

154 2369 364 2412 continua
393 2385 544 2413 rerum
574 2375 803 2427 gestarum
838 2371 1092 2415 narratione
1120 2371 1376 2427 interrupta
1416 2385 1487 2413 res
1518 2371 1608 2413 iam

150 2439 412 2494 praeteritas
468 2440 744 2496 repetiturus
790 2440 922 2484 initio
978 2441 1110 2485 huius
1157 2439 1361 2497 episodii‚
1409 2454 1496 2496 qua
1540 2446 1608 2483 est

152 2508 366 2565 religione
411 2524 462 2552 ac
492 2509 738 2566 diligentia,
781 2511 995 2567 temporis
1027 2511 1223 2567 spatium
1253 2510 1504 2553 accuratius
1535 2510 1608 2553 de-

152 2577 301 2635 signat
321 2578 491 2623 duobus
512 2579 741 2624 adverbiis
770 2579 811 2620 ἐν
840 2579 887 2621 δὲ
914 2579 1041 2636 τούτῳ
1062 2580 1126 2633 (id
1146 2585 1232 2624 est:
1255 2579 1360 2623 dum
1381 2578 1607 2635 expeditio

152 2647 332 2691 Rhodia
364 2648 439 2703 fit)
478 2658 523 2693 et
552 2651 617 2690 καὶ
647 2649 705 2690 ἔτι
734 2650 925 2704 πρότερον
955 2655 1106 2705 (atque
1138 2650 1273 2693 etiam
1302 2646 1468 2703 antea).
1515 2647 1608 2691 Ad-

152 2716 308 2762 verbio
353 2718 555 2774 πρότερον,
601 2735 738 2776 quum
783 2718 824 2762 ei
856 2718 974 2763 haud
1027 2718 1136 2762 satis
1182 2717 1468 2775 perspicuum
1511 2731 1608 2760 esse

153 2787 395 2840 videretur,
412 2790 538 2844 quasi
552 2790 1006 2846 interpretamentum
1023 2789 1105 2843 πρὶν
1121 2788 1165 2832 ἐς
1177 2788 1243 2843 τὴν
1255 2786 1383 2828 Ῥόδον
1399 2787 1608 2841 ἀναστῆναι

152 2856 335 2903 addidit.
396 2858 568 2903 Eodem
612 2859 752 2916 igitur
793 2858 923 2902 modo
969 2863 1160 2916 tempus,
1210 2871 1297 2914 quo
1342 2870 1413 2913 res
1458 2859 1608 2913 gestae
