1836 3175
234 224 291 270 56

234 356 481 406 servarent,
491 352 523 404 ¹)
574 356 652 395 aut
700 355 752 394 ut
797 354 1064 393 conservata
1108 348 1155 390 ἄν
1178 348 1420 410 ,particula
1463 346 1687 410 duplicem

234 419 571 466 coniunctivum
590 418 872 469 efficerent.²)
933 417 1218 475 Quamquam
1232 419 1385 464 Lueth
1405 420 1491 465 sub
1510 421 1686 466 exitum

233 490 557 535 dissertationis
587 503 705 541 suae,
736 487 815 532 ubi
846 487 997 532 locum
1017 488 1318 546 Antiphontis
1338 489 1535 534 similem
1549 490 1608 544 V,
1629 487 1687 536 34

234 561 458 612 tractavit,
508 572 565 602 ne
613 559 661 600 in
707 554 1028 614 Xenophontis
1086 557 1266 615 quidem
1310 558 1408 603 loco
1445 557 1687 617 quidquam

233 628 495 672 mutandum
525 640 622 670 esse
651 625 789 679 addit,
830 632 994 680 tamen,
1033 642 1142 672 num
1172 628 1443 686 Xenophon,
1481 629 1561 685 qui
1588 630 1687 686 qui-

234 696 333 740 dem
376 696 679 753 maximopere
723 709 927 739 normam
971 696 1149 754 dicendi
1196 698 1427 756 vulgarem
1469 698 1685 756 sequitur,

232 771 510 810 structuram·
533 765 648 809 hanc
678 765 953 823 singularem
983 766 1032 808 in
1070 780 1201 810 suum
1232 781 1363 811 usum
1397 768 1685 821 converterit,

233 835 360 879 valde
389 834 557 879 dubito.
598 834 842 892 'Equidem
871 849 974 879 cum
1007 834 1207 893 Sauppio
1245 836 1555 882 coniunctivos
1585 836 1686 895 πέσῃ

229 910 274 948 et
303 904 446 962 τρωθῇ
467 904 729 962 praeferam,
761 906 1027 962 praesertim
1047 919 1186 962 quum
1215 905 1324 949 haec
1353 905 1616 959 emendatio,
1647 907 1687 950 si

229 975 430 1018 codicum
460 976 732 1032 scripturam
761 976 1038 1032 respicimus,
1070 975 1286 1019 facillima
1305 976 1375 1020 sit.
1441 976 1548 1021 Alio
1569 976 1686 1021 eius-

229 1045 328 1088 dem
357 1044 479 1108 libri,
495 1045 593 1088 loco
623 1045 770 1101 primo
802 1051 986 1103 aspectu
1015 1045 1146 1089 facile
1181 1045 1405 1101 quispiam
1434 1046 1687 1102 suspicetur

229 1112 417 1158 eundem
443 1114 696 1171 optativum
726 1128 827 1158 cum
848 1113 895 1155 ἄν
921 1114 1141 1171 particula
1160 1115 1461 1158 consociatum
1481 1120 1584 1172 post
1603 1116 1687 1172 πρίν

229 1184 590 1227 coniunctionem
619 1184 817 1232 inveniri
849 1185 912 1236 ΙΙ,
935 1182 975 1236 3,
997 1183 1054 1228 48
1087 1183 1189 1239 (ἐγὼ
1220 1182 1260 1224 δ’
1292 1182 1326 1224 ὦ
1348 1184 1493 1239 Κριτία,
1525 1183 1690 1229 ἐκείναις

225 1252 299 1308 μὲν
344 1252 416 1294 ἀεί
451 1267 547 1294 ποτε
592 1254 750 1309 πολεμῶ
795 1257 877 1299 τοῖς
928 1253 973 1295 οὐ
1018 1253 1192 1310 τςοόσθεν
1234 1252 1429 1309 οἰομένοις
1474 1252 1592 1310 καλὴν
1641 1252 1687 1295 ἂν

228 1324 492 1380 δημοκρατιῇιν
512 1323 619 1373 εἶναι,
640 1325 724 1380 πρὶν
739 1323 785 1365 ἂν
801 1324 1039 1380 ἀποδόμενοι
1054 1323 1119 1379 τὴν
1139 1325 1241 1364 πόλιν
1257 1324 1436 1381 δραχμῆς
1445 1323 1687 1381 μετέχοιεν).

231 1392 322 1438 Sed
352 1394 680 1438 sententiarum
709 1395 929 1438 rationem
961 1394 1214 1438 accuratius
1237 1393 1561 1451 contemplanti
1579 1408 1685 1437 mox

228 1463 461 1520 apparebit
504 1462 621 1506 illud
666 1462 713 1503 ἄν
752 1477 854 1507 cum
900 1463 1136 1521 participio
1175 1463 1412 1519 ἀποδόμενοι
1450 1464 1686 1520 potestatis

228 1533 548 1577 condicionalis
580 1533 899 1590 significandae
931 1548 1063 1578 causa
1092 1533 1452 1590 coniungendam
1480 1548 1591 1577 esse.

346 1600 397 1647 Si
420 1602 474 1646 de
493 1607 696 1660 tempore
717 1603 939 1647 enuntiati
963 1617 990 1647 a
1008 1604 1092 1660 πρίν
1114 1603 1428 1647 coniunctione
1448 1601 1686 1660 pendentis

228 1674 496 1729 quaerimus,
527 1679 580 1716 ut
601 1673 885 1729 Thucydides
905 1688 995 1717 uno
1015 1674 1113 1718 loco
1134 1678 1322 1729 excepto
1341 1673 1425 1726 VI,
1447 1671 1517 1727 38,
1546 1672 1587 1727 2,
1609 1673 1688 1718 ubi
1720 1692 1724 1698 ’

229 1741 544 1787 coniunctivus
575 1741 825 1799 praesentis
864 1740 971 1799 ὦμεν
1008 1742 1214 1797 occurrit,
1257 1756 1433 1800 semper
1470 1742 1687 1787 aoristum

227 1811 423 1865 adhibet,
455 1813 520 1856 sic
541 1812 676 1856 etiam
696 1811 953 1870 Xenophon
974 1813 1131 1857 aoristi
1150 1811 1306 1856 modos
1332 1812 1540 1869 praefert.
1592 1812 1636 1857 N
1637 1826 1687 1856 ec

228 1896 386 1927 revera
416 1882 561 1926 ullum
591 1882 713 1926 aliud
733 1887 912 1940 tempus
933 1887 1258 1940 exspectamus,
1289 1882 1498 1938 quoniam
1528 1881 1686 1927 modus

228 1952 451 1997 enuntiati
489 1952 743 1996 secundarii
778 1953 1024 1997 latinorum
1059 1953 1212 1997 futuro
1242 1957 1400 1996 exacto
1431 1952 1684 2009 respondet.

231 2021 353 2076 Quid
382 2035 491 2064 vero
523 2021 720 2064 dicemus
762 2021 817 2064 de
856 2022 1001 2065 tribus
1031 2023 1156 2075 locis,
1198 2024 1276 2078 qui
1314 2022 1530 2079 temporis
1560 2036 1687 2078 prae-

229 2092 370 2135 sentis
408 2090 563 2135 modos
603 2090 852 2148 praebent?
911 2092 981 2136 Ac
1015 2092 1213 2149 primum
1249 2091 1429 2150 quidem
1459 2091 1554 2148 Κυρ.
1583 2092 1686 2133 παιδ.

228 2162 291 2214 II,
322 2160 363 2214 2,
394 2160 424 2206 8
452 2161 636 2219 legitur:
678 2161 782 2202 εἷπον
808 2161 962 2217 μηδένα
991 2165 1069 2203 τῶν
1098 2162 1259 2204 ὄπισθεν
1288 2162 1489 2211 κινεῖσθαι,
1526 2163 1610 2218 πρὶν
1640 2161 1687 2203 ἂν

228 2232 251 2271 ὁ
282 2231 456 2286 πρόσθεν
486 2231 631 2285 ἡγῆται.
694 2230 783 2275 Sed
806 2231 879 2276 hic
901 2232 1216 2276 coniunctivus
1237 2232 1480 2287 ἢγῆτακῃοῑι
1509 2245 1559 2274 re
1581 2245 1687 2275 vera

228 2307 298 2344 est
342 2303 603 2358 praesentis.
673 2302 931 2358 Xenophon
976 2315 1113 2357 quum
1156 2301 1204 2344 in
1250 2300 1351 2344 aliis
1397 2299 1546 2343 verbis
1585 2315 1687 2356 pro-

228 2371 469 2423 ficiscendi,
502 2377 599 2415 tum
630 2372 890 2429 saepissime
920 2371 969 2415 in
1000 2369 1137 2415 verbo
1167 2369 1347 2425 ἡγεῖσθαι
1375 2368 1687 2426 imperfectum

228 2441 462 2496 ἀοριστικῶς·
490 2456 705 2499 usurpare
736 2442 871 2495 solet;
904 2441 1043 2494 (locos
1074 2438 1147 2481 Ἀν.
1176 2439 1239 2492 ΙΙ,
1268 2438 1308 2492 2,
1339 2438 1369 2484 8
1377 2431 1389 2493 ;7
1424 2439 1507 2493 IV,
1543 2439 1579 2492 1,
1615 2439 1667 2484 15
1675 2456 1686 2493 ;

229 2511 286 2563 V,
328 2510 369 2563 2,
410 2510 456 2564 6;
498 2509 601 2551 Ἕλλ.
641 2511 725 2564 VI,
771 2512 812 2565 5,
850 2511 903 2555 21
944 2510 1200 2554 nominasse
1246 2510 1355 2553 satis
1392 2507 1499 2566 erit)
1537 2510 1688 2566 itaque

230 2580 544 2624 coniunctivus
575 2582 825 2637 praesentis
855 2581 990 2636 ἡγῆται
1018 2579 1147 2636 quasi
1176 2579 1332 2623 aoristi
1352 2578 1549 2623 vicarius
1578 2592 1687 2634 quo-

230 2650 378 2693 minus
428 2651 659 2694 notionem
707 2650 851 2694 futuri
901 2651 1047 2694 exacti
1097 2649 1269 2702 induat,
1320 2649 1437 2692 nihil
1483 2648 1683 2705 impedit.

349 2809 375 2851 l)
401 2809 456 2845 Cf.
482 2808 575 2844 Lud.
600 2807 786 2844 Dindorfii
811 2809 899 2845 edit.

347 2865 376 2911 ²)
402 2866 456 2902 Cf.
482 2866 646 2912 Sauppe,
672 2867 914 2912 quaestiones
939 2866 1122 2912 Xenoph„
1147 2875 1235 2911 pag.
1262 2866 1293 2902 7.
