1836 3175
200 210 258 256 46

200 340 536 396 τφοφολάξασθαί
570 356 615 382 τε
658 342 722 380 καὶ
765 340 993 394 αἰσθόμενοι
1035 337 1271 386 ἐπεξελθεῖν.
1281 339 1309 390 ²)
1369 334 1652 398 Thucydides

201 411 322 453 enim
363 412 644 454 enuntiatum
683 409 906 465 posterius
942 408 1053 461 ἡμεῖς
1079 406 1127 447 δὲ
1156 409 1283 454 κακοί,
1320 409 1403 463 πρὶν
1432 411 1511 450 κτλ.
1550 425 1653 455 con-

201 479 450 535 scripturus
482 478 695 522 memoria
731 476 912 520 tenebat
949 475 1064 520 illud
1100 477 1365 521 antecedens
1396 477 1560 520 δέδοικα
1582 481 1653 535 μή,

202 550 272 592 cui
302 551 338 591 si
370 563 461 592 non
490 562 538 590 re
567 561 685 599 vera,
724 552 771 589 at
809 552 928 589 certe
965 546 1067 586 κατὰ
1104 546 1255 588 σύνεσιν
1285 549 1555 592 sententiam
1584 550 1653 592 in-

200 618 404 661 feriorem
436 615 682 666 subiunxit,
713 615 779 657 ita
807 620 860 657 ut
881 615 951 657 vis
972 616 1183 672 negativa
1213 621 1465 662 structurae
1490 617 1652 659 δέδοικα

195 687 249 741 μή
287 687 424 729 insita
469 699 609 740 usque
648 684 702 728 ad
763 685 1048 729 enuntiatum
1099 700 1125 728 a
1176 687 1258 741 ψίν
1301 687 1500 743 pendens
1552 703 1652 744 per·
1730 724 1733 732 Δ

199 762 410 798 maneret.
471 755 629 809 Itaque
659 754 790 797 unice
821 768 956 797 verus
986 760 1057 798 est
1087 756 1399 800 coniunctivus
1450 755 1556 812 ὦμεν
1605 759 1654 801 in

195 825 425 867 enuntiato
462 838 489 866 a
526 824 610 878 πρίν
647 823 876 879 pendenti,
924 838 1036 879 quae
1074 824 1208 867 lectio
1250 826 1336 868 iam
1375 841 1401 868 a
1439 826 1651 870 Bekkero

193 894 285 936 levi
323 901 424 948 post
454 890 560 947 ὦμεν
600 893 964 948 interpunctione
1000 894 1147 949 posita
1184 895 1396 938 restituta
1434 901 1516 939 est.
1578 896 1651 939 Ad

194 977 348 1006 vocem
380 963 502 1001 κακοί
524 962 823 1018 supplendum
861 968 930 1005 est
966 963 1063 1006 sive
1094 961 1227 1017 ἐσμέν,
1259 965 1351 1007 sive
1381 962 1501 1019 ὦμεν,
1539 979 1651 1020 quae

192 1039 378 1087 utraque
419 1031 591 1087 ellipsis
623 1045 716 1074 nec.
735 1045 761 1074 a
790 1031 969 1088 linguae
1002 1032 1199 1076 Graecae
1229 1033 1445 1090 natura,²)
1484 1048 1566 1077 nec
1596 1034 1650 1077 ab

199 1118 281 1146 usu
313 1101 602 1157 Thucydideo
633 1101 900 1152 abhorret.³)

304 1172 433 1214 Inter
477 1171 693 1215 tredecim
740 1172 822 1213 illa
864 1171 1139 1226 Thucydidis
1186 1172 1392 1227 exempla
1436 1177 1650 1226 quattuor

192 1246 366 1283 tantum
403 1246 657 1292 occurrunt,
704 1254 816 1295 quae
853 1239 1054 1282 oratione
1084 1246 1205 1283 recta
1248 1241 1537 1300 continentur
1565 1241 1647 1294 VI,

190 1308 258 1361 38,
290 1309 338 1362 2;
381 1310 464 1362 VI,
507 1310 575 1362 71,
615 1310 663 1362 2;
703 1310 838 1361 VIII,
879 1309 918 1361 9,
963 1310 978 1351 1
1025 1316 1071 1352 et
1100 1308 1141 1353 3.
1203 1311 1306 1353 Duo
1351 1311 1457 1356 libri
1502 1312 1649 1355 octavi

190 1379 395 1436 exempla
428 1379 652 1422 'exhibent
697 1378 834 1422 verba
879 1378 1065 1435 optandi
1110 1378 1184 1430 (οὐ
1229 1378 1648 1435 προύθυμήθησαν

190 1448 377 1504 ξυμπλεῖν,
414 1450 498 1504 πρὶν
545 1450 592 1489 τὰ
630 1447 795 1504 Ἴσθμια
832 1448 1114 1503 διεορτάσωσιν
1144 1455 1190 1492 et
1219 1449 1266 1489 οὐ
1309 1450 1552 1504 βουλόμενοί
1588 1467 1648 1490 πω

189 1519 355 1575 πόλεμον
386 1516 502 1575 ἔχειν,
532 1519 616 1573 πρίν
648 1533 682 1558 τι
711 1519 775 1558 καὶ
805 1518 963 1573 ἰσχυρὸν
993 1517 1178 1570 λάβωσι).
1237 1518 1359 1562 Illud
1397 1534 1572 1575 quoque
1602 1519 1648 1559 οὐ

189 1590 350 1630 δυνατὸν
388 1589 496 1637 εἶναι,
528 1589 646 1644 quod
676 1588 758 1640 VI,
800 1588 868 1640 71,
909 1588 936 1630 2
974 1594 1136 1639 exstat,
1183 1589 1467 1631 manifestam
1512 1589 1647 1632 habet

186 1659 416 1702 notionem
465 1658 621 1710 futuri,
674 1672 785 1714 quac
838 1657 921 1708 VI,
972 1655 1040 1709 38,
1093 1656 1120 1699 2
1172 1663 1268 1700 toto
1319 1659 1646 1701 sententiarum

188 1743 360 1771 conexu
390 1729 599 1772 efficitur.
662 1728 837 1771 Ceteris
869 1727 979 1769 locis
1012 1726 1154 1768 oratio
1186 1733 1255 1769 est
1287 1727 1486 1782 obliqua;
1534 1742 1645 1783 quae

186 1798 454 1853 simulatque
493 1798 542 1841 in
585 1803 754 1841 rectam
792 1796 1068 1840 conformata
1105 1796 1203 1848 erit,
1243 1797 1450 1840 notiones
1499 1796 1643 1840 futuri

186 1868 550 1911 enucleabuntur.
612 1869 694 1911 Bis
732 1883 757 1909 a
787 1867 925 1910 verbo
957 1866 1133 1909 dicendi
1164 1866 1329 1921 pendet
1358 1868 1643 1910 enuntiatum

187 1938 499 1981 coniunctione
549 1938 608 1978 ὅτι
657 1937 904 1988 inductum,
962 1935 1079 1992 quod
1130 1936 1272 1979 altero
1322 1936 1420 1980 loco
1471 1952 1644 1980 merum

186 2007 387 2050 futurum
426 2008 628 2051 continet
665 2007 766 2059 (IV,
805 2005 873 2057 97,
916 2006 963 2048 2:
1009 2005 1124 2046 εἰπὼν
1161 2006 1219 2045 ὅτι
1249 2005 1534 2062 οὐδὲν.πράξει
1562 2008 1645 2061 πρὶν

185 2075 229 2115 ἂν
266 2076 538 2134 ἀναχωρήσῃ),
569 2077 712 2120 altero
733 2077 964 2119 notionem
984 2076 1358 2133 periphrasticam
1378 2077 1479 2129 (VI,
1502 2076 1570 2130 29,
1595 2076 1642 2120 2:

185 2145 479 2202 ἐπεμαρτύρετο
516 2147 575 2187 ὅτι
612 2145 944 2202 σωφρονέστερον
982 2145 1039 2202 εἴη
1079 2146 1133 2201 μὴ
1167 2146 1272 2201 μετὰ
1308 2146 1487 2203 τοιαύτης
1524 2148 1648 2203 aiffa<

184 2217 265 2269 πρὶν
286 2217 471 2270 διαγνῶσι
493 2216 682 2270 πέμπειν).
737 2216 974 2259 Sententia
995 2217 1188 2273 simplex
1209 2223 1295 2260 est:
1324 2218 1378 2272 μή
1397 2233 1451 2272 με
1472 2217 1643 2272 πέμπετε

185 2286 265 2339 πρὶν
310 2286 513 2340 διαγνῶτε.
582 2286 849 2330 Infinitivus
895 2286 1112 2341 διαγνῶναι,
1147 2301 1291 2343 'quem
1335 2287 1476 2330 codex
1522 2286 1644 2330 Mos-

184 2356 364 2409 quensis
403 2357 487 2399 hoc
537 2357 635 2400 loco
683 2356 879 2412 praebet,
926 2356 1098 2399 nullam
1144 2356 1279 2400 habet
1324 2356 1641 2400 defensionem.

185 2424 338 2480 Neque
358 2427 478 2469 enim
499 2426 553 2469 de
574 2427 767 2470 termino
797 2426 1008 2469 mittendi
1039 2441 1184 2469 sermo
1219 2432 1300 2478 est,
1333 2426 1411 2469 sed
1439 2432 1644 2482 precatur

187 2493 452 2547 Alcibiades,
485 2501 537 2538 ut
567 2485 757 2538 crimina
786 2496 835 2537 in
865 2496 1013 2551 ipsum
1044 2495 1244 2538 coniecta
1273 2500 1377 2538 ante
1398 2494 1643 2539 discessum

185 2562 496 2609 diiudicentur.
548 2589 606 2595 —
658 2564 868 2620 Quinque
917 2565 1028 2608 locis
1086 2564 1359 2610 antecedunt
1407 2565 1641 2618 infinitivi,

302 2737 328 2780 ¹)
353 2737 410 2774 De
435 2739 706 2775 controversiis
732 2738 920 2775 editorum
944 2739 1021 2774 vid.
1047 2739 1166 2784 Popp.
1192 2739 1214 2774 l.
1240 2739 1262 2774 l.
1288 2738 1335 2783 Π,
1358 2739 1392 2783 4,
1421 2739 1477 2775 92.

300 2794 328 2838 2)
355 2794 409 2830 Cf.
426 2795 547 2841 Raph.
564 2795 754 2842 Kuehner,
780 2795 983 2832 ausfuehrl.
1005 2797 1069 2834 Gr.
1096 2797 1131 2833 d.
1150 2808 1205 2843 gr.
1225 2796 1320 2842 Spr.,
1346 2800 1367 2840 ξ
1384 2796 1464 2842 354,
1488 2795 1585 2832 Ann.
1610 2799 1641 2830 2.

298 2851 328 2899 3)
355 2852 410 2889 Cf.
436 2853 555 2902 Popp.
581 2855 604 2890 1.
631 2855 653 2890 l.
679 2855 708 2900 I,
735 2856 766 2901 1,
791 2855 870 2891 284.
