1836 3175
1555 204 1608 249 15

248 359 250 361 ·
282 331 432 377 Simili
469 334 618 390 ellipsi
652 332 850 388 insignes
889 336 996 375 sunt
1033 331 1120 374 duo
1140 330 1236 373 alii
1261 330 1359 375 ‚loci
1386 332 1424 383 Ι,
1463 330 1532 383 39,
1564 332 1609 374 2:

164 400 273 442 οὗτοι
300 401 335 443 δ’
367 403 413 444 οὐ
440 403 523 459 πρὶν
544 404 758 460 πολιορκεῖν
785 402 830 441 τὸ
844 401 1008 456 χωρίον,
1034 397 1115 441 ἀλλ’
1141 398 1272 455 ἐπειδὴ
1291 399 1482 454 ἡγήσαντο
1510 401 1612 455 ἡμᾶς

166 470 212 511 οὐ
249 472 522 528 περιόψεσθαι,
563 471 653 528 τιξτε
690 470 754 509 καὶ
802 470 848 509 τὸ
885 468 1079 523 εὐτφεπὲς
1120 471 1201 523 τῆς.
1222 469 1331 522 δίκης
1370 472 1612 524 παρέσχοντο

165 546 211 584 et
247 541 284 593 I,
327 539 397 594 68,
434 540 482 584 2:
527 540 591 579 καὶ
635 536 686 579 δι’
722 538 818 579 αὐτὸ
856 537 902 578 οὐ
946 538 1029 594 πρὶν
1066 537 1237 593 πάσχειν,
1277 536 1357 577 ἀλλ’
1403 536 1533 593 ἐπειδὴ
1573 538 1613 579 ἐν

164 617 221 666 τῷ
249 608 356 665 ἔργῳ
386 608 517 664 ἐσμέν,
549 607 641 651 τοὺς
678 606 905 664 ξυμμάχους
938 605 1083 650 τούσδε
1112 606 1422 662 παρεκαλέσατε.
1481 608 1615 652 Haud

165 679 350 722 dubium
394 684 474 730 est,
520 678 630 733 quin
669 677 891 734 oppositio
936 677 1152 733 quaedam
1202 676 1449 721 intercedat
1497 677 1615 720 inter

164 747 336 804 periodi
364 747 596 796 membra„
637 745 728 791 Sed
756 761 901 803 neque
930 747 995 790 ita
1023 748 1090 799 fit,
1131 752 1181 790 ut
1220 746 1306 789 duo
1338 745 1498 802 agendi
1527 752 1614 788 ter—

163 816 276 859 mini
304 821 574 868 statuantur,
605 830 747 872 neque
766 817 831 859 ita
856 821 908 859 ut
939 816 1210 872 comparatio
1230 815 1478 858 intercedat
1497 817 1616 859 inter

164 885 324 942 agendi
361 892 574 942 tempora.
649 886 820 928 Verum
872 885 942 928 1118
980 885 1091 928 10018
1127 885 1327 942 gravitas
1364 885 1445 927 illa
1481 899 1616 941 oppo-

165 956 340 999 sitionis
378 955 512 998 aliam
552 969 730 998 031183111
758 955 906 998 habet
971 953 1310 999 Sententiarum
1341 968 1537 997 conexus
1567 955 1616 997 in

164 1026 408 1081 posteriore
453 1025 658 1081 exemplo
702 1024 777 1067 hic
821 1030 910 1068 est:
971 1039 1064 1067 non
1112 1029 1352 1079 antequam
1403 1024 1452 1066 in
1496 1024 1615 1066 mala

163 1095 419 1147 incidimus,
470 1094 546 1138 sed
595 1107 715 1137 nunc
752 1093 942 1146 demum,
993 1108 1130 1149 quum
1174 1093 1332 1137 mediis
1381 1094 1430 1136 in
1479 1092 1612 1136 rebus

164 1165 364 1210 adversis
414 1179 670 1216 versamur,
721 1163 863 1206 socios
913 1163 1171 1207 vocavistis.
1252 1164 1446 1219 Tempus
1496 1164 1616 1206 enim

165 1235 306 1278 socios
349 1233 539 1277 vocandi
590 1247 741 1276 serum
797 1233 984 1289 elegisse
1029 1232 1406 1276 Lacedaemonios
1461 1232 1617 1275 docere

166 1304 277 1347 vult.
330 1302 462 1357 Quod
492 1308 543 1345 ut
571 1302 754 1358 gravius
775 1302 1011 1357 exprimat,
1045 1303 1246 1342 ἀντίθετον
1266 1302 1443 1345 format.
1498 1301 1616 1345 Sim-

162 1372 325 1429 plicem
354 1371 625 1415 sententiam
654 1370 784 1426 ἐπειδὴ
815 1370 856 1412 ἐν
886 1369 943 1426 τῷ
974 1368 1081 1426 ἔργῳ
1112 1370 1232 1426 ἐσμέν
1261 1371 1309 1414 111
1347 1370 1617 1414 contrariam

164 1448 381 1486 mutatam
430 1447 562 1497 atque
612 1456 712 1485 cum
762 1441 1001 1497 negatione
1052 1441 1335 1484 coniunctam
1387 1441 1435 1482 in
1484 1440 1616 1482 initio

163 1511 335 1568 periodi
365 1511 598 1568 dignitatis
629 1511 855 1568 augendae
885 1525 1016 1554 031183
1047 1510 1248 1554 collocat.
1313 1508 1459 1552 Cardo
1477 1509 1619 1565 igitur

163 1581 334 1636 periodi
354 1581 550 1624 vertitur
569 1582 618 1623 in
637 1581 709 1623 his
730 1580 899 1623 verbis:
931 1594 1024 1623 non
1046 1580 1171 1636 prius
1192 1594 1326 1635 quam
1346 1578 1425 1621 sed
1443 1584 1617 1633 postea-

164 1664 308 1706 quam.
389 1650 511 1693 Hinc
579 1649 715 1693 simul
772 1648 968 1692 efficitur
1027 1649 1312 1706 negationem
1370 1653 1475 1691 ante
1535 1648 1617 1702 πρίν

165 1720 430 1774 particulam
480 1719 672 1775 positam
721 1733 813 1761 non
861 1732 958 1761 0880
1008 1732 1174 1769 veram,
1227 1717 1305 1761 sed
1351 1731 1430 1771 per
1475 1721 1618 1758 artem

164 1787 485 1844 quodammodo
516 1786 758 1840 inductam,
797 1787 862 1831 ita
898 1792 951 1832 ut
989 1786 1045 1831 ad
1083 1792 1355 1831 structuram
1394 1785 1616 1830 enuntiati

163 1871 190 1898 a
218 1858 301 1911 πρίν
339 1858 560 1913 particula
601 1857 836 1912 pendentis
872 1870 930 1898 110
971 1857 1208 1898 minimum
1245 1856 1422 1910 quidem
1453 1855 1616 1898 valeat.

164 1925 251 1969 Est
289 1939 395 1969 83110
430 1940 571 1982 genus
611 1924 787 1969 dicendi
823 1924 1113 1969 rhetoricum.
1179 1924 1245 1968 Et
1285 1939 1389 1968 vere
1421 1923 1507 1967 duo
1538 1923 1619 1967 illa

164 1995 370 2050 exempla
407 2000 648 2038 occurrunt
692 1995 740 2038 in
777 1995 1067 2039 orationibus.
1141 1994 1440 2050 Antiphontis
1470 1993 1618 2036 locum

164 2064 222 2116 V,
261 2063 329 2117 25,
369 2065 445 2121 qui
483 2064 539 2108 ad
574 2064 758 2108 eandem
798 2064 891 2108 fere
927 2065 1149 2109 rationem
1188 2064 1490 2108 conformatus
1535 2070 1617 2117 est,

164 2135 212 2177 in
258 2135 633 2192 comparationem
679 2148 899 2178 vocemus.
966 2134 1119 2177 Verba
1157 2141 1265 2178 sunt
1301 2134 1430 2177 haec:
1467 2136 1619 2188 νφῶτον

162 2203 234 2258 μὲν
271 2204 348 2260 γὰρ
388 2205 470 2259 πρὶν
508 2203 732 2258 ἀνοίγεσθαί
751 2218 805 2258 με
843 2205 901 2247 εἷς
932 2204 997 2257 τὴν
1035 2203 1142 2244 Αἶνον
1172 2203 1304 2248 οὐδεὶς
1334 2202 1525 2259 ᾐτιάσατό
1565 2219 1619 2258 με

165 2274 396 2328 ἀνθρώπων·
427 2274 559 2328 ἐπειδὴ
590 2273 637 2314 δὲ
668 2273 748 2327 ἐγώ
779 2287 822 2313 τε
852 2271 1006 2328 ᾠχόμην
1037 2272 1163 2313 πλέων
1192 2297 1250 2303 —-
1280 2274 1371 2314 τότε
1397 2272 1619 2329 ᾐτιάσαντο.

165 2343 287 2386 Illud
315 2349 493 2387 tantum
522 2344 725 2394 interest,
764 2342 881 2397 quod
907 2342 1110 2383 ἀντίθετον
1141 2342 1258 2398 apud
1288 2343 1619 2398 Antiphontem

165 2412 262 2455 sine
297 2413 392 2456 11113
434 2413 674 2457 verborum
709 2411 859 2468 ellipsi
896 2413 1029 2468 plane
1074 2413 1347 2469 explicatum
1379 2428 1459 2468 per
1487 2427 1620 2457 voces

162 2481 236 2536 μέν
265 2505 323 2512 -
361 2481 411 2523 δέ
457 2482 642 2526 formari
692 2483 896 2527 videmus
947 2484 1118 2538 (πρῶτον
1164 2482 1238 2537 μὲν
1286 2483 1369 2538 πρίν
1405 2506 1462 2511 —
1492 2482 1623 2526 οὐδεὶς

163 2549 366 2606 ᾐτιάσατο,
386 2551 517 2607 ἐπειδὴ
539 2551 589 2593 δέ
604 2577 662 2583 —
687 2553 777 2593 τότε
795 2551 1034 2608 ᾐτιάσαντο),
1056 2552 1174 2607 apud
1192 2552 1498 2608 Thucydidem
1514 2566 1619 2595 vero

167 2624 351 2676 propter
381 2619 649 2665 brevitatem
681 2621 855 2665 dicendi
888 2622 1028 2678 magis
1059 2628 1338 2666 contractum
1367 2636 1449 2678 per
1482 2622 1620 2678 parti-

168 2688 314 2732 culam
345 2689 442 2729 ἀλλὰ
470 2691 658 2734 1111110311
683 2691 1081 2735 animadvertimus
1112 2691 1176 2743 (οὐ
1207 2692 1289 2746 πρὶν
1320 2693 1533 2746 πολιορκεῖν
1564 2715 1619 2720 -

167 2757 248 2799 ἀλλ’
291 2758 454 2813 ἐπειδή).
529 2760 660 2804 Η3110
704 2761 942 2804 formulam
988 2761 1164 2805 dicendi
1209 2760 1515 2817 Thucydidem
1564 2759 1618 2801 ab

168 2828 450 2887 Antiphonte
480 2828 698 2873 delibasse
728 2844 911 2886 eamque
941 2832 998 2874 in
1020 2845 1152 2876 suum
1181 2846 1311 2875 usum
1344 2829 1618 2874 convertisse
