1836 3175
214 195 271 241 32

215 323 391 367 desunt.
461 321 600 377 Quid,
646 318 762 374 quod
811 317 896 360 hoc
945 317 1042 360 loco
1082 317 1339 361 infinitivus
1381 318 1567 373 perfecti
1614 317 1669 360 ad

214 393 450 444 actionem,
471 404 581 446 quae
603 394 798 442 tempore
820 385 971 428 futuro
989 387 1257 439 continetur,
1274 386 1495 442 pertinet?
1525 387 1668 442 Atqui

214 462 263 504 in
300 460 505 504 omnibus
543 453 797 500 huiusmodi
843 455 952 497 locis
997 455 1164 512 legitur
1201 456 1456 501 infinitivus
1500 456 1668 499 aoristi.

214 530 428 587 Exempli
457 527 602 585 gratia
623 526 770 567 locum
791 526 935 568 nostri
967 525 1249 570 simillimum
1271 526 1444 569 afferam
1461 523 1563 566 Ἕλλ.
1585 525 1666 577 VI,

215 602 255 651 5,
287 600 336 643 9:
358 598 559 651 ,φθάνουσι
588 596 670 649 πρὶν
699 594 993 648 καταληφθῆναι
1031 619 1087 624 -
1125 595 1430 649 καταφυγόντες.
1493 593 1667 648 Quibus

215 669 346 710 rebus
393 666 585 708 confisus
627 663 908 706 infinitivum
953 663 1108 705 aoristi
1150 663 1442 718 καταληφθῆναι
1483 663 1557 705 hic
1601 677 1669 705 re-

214 734 466 792 ponendum
482 746 578 775 esse
598 737 720 787 puto.
755 730 887 785 Quod
908 731 955 774 in
967 731 1092 775 ABG
1119 732 1255 776 verba
1275 734 1358 788 πρὶν
1378 732 1669 788 καταληφθῆναι

212 804 487 853 exciderunt,
547 806 731 857 propter
791 801 1035 843 clausulam
1093 802 1330 845 verborum
1381 802 1574 857 φθάσαι
1623 808 1668 844 et

210 872 564 926 καταληφθῆναι,
606 870 871 925 praesertim
916 871 955 913 si
993 872 1250 913 maiusculis
1298 888 1409 926 quae
1459 873 1668 915 dicuntur

209 941 372 984 litteris
404 940 571 995 scripta
598 944 718 991 sunt,
751 939 1029 982 simillimam
1059 940 1226 983 factum
1247 955 1343 983 esse
1364 942 1588 985 existimo.

327 1010 565 1052 Postremo
597 1014 746 1051 autem
778 1009 875 1051 loco
908 1025 997 1052 non
1019 1010 1345 1065 neglegendum
1367 1016 1447 1061 est,
1481 1015 1531 1052 ut
1551 1010 1667 1065 apud

213 1076 519 1134 Thucydidem
550 1092 808 1133 numquam,
849 1078 912 1121 sic
943 1078 1060 1134 apud
1098 1077 1448 1134 Xenophontem
1484 1093 1666 1135 perraro

210 1149 398 1202 πρότερον
446 1147 495 1189 in
541 1149 774 1190 enuntiato
820 1148 1034 1203 primario
1080 1149 1199 1203 poni.
1275 1148 1438 1190 Tribus
1487 1154 1664 1192 tantum

212 1215 514 1274 Cyropaediae
544 1216 653 1259 locis
685 1218 747 1269 II,
780 1217 819 1270 2,
856 1217 930 1270 10;
962 1217 1043 1266 IV,
1067 1215 1106 1268 3,
1144 1216 1214 1269 143
1246 1217 1302 1268 V,
1327 1217 1367 1269 2,
1399 1216 1424 1260 9
1457 1219 1664 1269 occurrit,

209 1287 367 1343 quibus
406 1300 523 1329 unus
563 1287 683 1326 θῖκον.
714 1286 755 1339 8,
788 1286 843 1330 23
883 1287 1067 1330 accedit.
1128 1286 1257 1329 Bono
1294 1286 1379 1329 hoc
1416 1287 1602 1337 consilio
1641 1301 1666 1329 a

210 1356 511 1413 Xenophonte
525 1357 693 1399 factum
715 1364 795 1400 est.
848 1357 1051 1412 Namque
1066 1357 1114 1398 in
1131 1362 1342 1411 quattuor
1354 1356 1426 1398 his
1447 1356 1664 1411 exemplis

207 1426 464 1468 infinitivus
507 1425 563 1467 ad
606 1440 787 1468 sensum
833 1440 972 1481 paene
1018 1426 1291 1481 negativum,
1337 1439 1469 1481 quem
1509 1430 1664 1467 nostro

208 1495 323 1537 ohne
353 1511 409 1538 zu
440 1496 758 1552 significamus,
806 1496 1007 1547 inclinat,
1055 1496 1118 1537 ita
1157 1501 1207 1537 ut
1244 1495 1510 1537 antecedens
1551 1495 1664 1537 illud

209 1565 397 1620 πρότερον
447 1564 503 1607 ad
551 1566 782 1608 notionem
843 1564 1133 1622 temporalem
1186 1564 1311 1620 quasi
1361 1564 1663 1620 quiescentem

208 1636 369 1678 clarius
401 1635 738 1690 exprimendam
770 1635 1041 1677 destinatum
1073 1650 1168 1677 esse
1200 1634 1418 1678 videatur.
1468 1686 1470 1688 ,

779 2027 986 2095 Caput
1021 2028 1097 2080 ΙΙ.

208 2167 269 2208 De
293 2179 368 2208 usu
393 2166 507 2209 modi
529 2167 631 2208 finiti
662 2179 683 2208 a
707 2168 790 2221 πρίν
812 2168 1109 2209 coniunctione
1134 2167 1358 2222 pendentis
1379 2167 1662 2223 Thucydideo

735 2251 778 2291 et
808 2248 1154 2303 Xenophonteo..

332 2432 359 2488 ξ
390 2436 429 2476 5.
491 2433 569 2475 De
615 2434 831 2489 origine
875 2434 1020 2476 modi
1068 2434 1227 2476 finiti
1273 2448 1389 2476 cum
1434 2435 1536 2494 πρίν

586 2503 984 2546 coniunctione
1016 2503 1281 2559 copulati.

321 2594 600 2638 Perventum
616 2602 686 2637 est
701 2596 756 2638 ad
772 2597 960 2639 alteram
978 2596 1111 2638 huius
1128 2596 1456 2638 dissertationis
1475 2601 1661 2651 partem,

206 2678 316 2718 quae
355 2664 422 2707 es't
460 2665 514 2708 de
552 2666 773 2721 particula
813 2667 896 2721 πρίν
927 2680 1028 2709 cum
1065 2665 1195 2708 modo
1226 2666 1357 2708 finito
1398 2666 1681 2708 consociata.-

207 2732 346 2775 Cuius
379 2739 629 2777 structurae
661 2736 775 2778 ratio
807 2750 943 2791 quum
975 2735 1030 2778 ab
1052 2749 1115 2788 ea,
1145 2749 1278 2791 quam
1299 2734 1429 2778 modo
1450 2734 1664 2778 tractavi-

203 2818 317 2857 mus,
356 2818 623 2860 magnopere
654 2804 888 2863 discrepet,
921 2821 1011 2849 non
1032 2806 1234 2862 ineptum
1261 2805 1348 2848 crit
1377 2803 1662 2860 perscrutari,
