1836 3175
1576 193 1631 238 49

180 320 453 379 respicimus,
467 317 545 375 qui
558 316 849 362 antecedente
860 318 1097 375 negatione
1110 318 1390 363 infinitivum
1401 319 1629 375 praebent,

181 391 308 438 velut
335 388 393 443 V,
429 386 502 441 10„
524 383 551 432 3
581 391 628 432 et
656 385 765 441 VII,
797 385 867 442 50,
896 384 938 441 4,
984 386 1039 432 de
1080 386 1242 445 quibus
1285 400 1421 445 supra
1458 386 1628 433 dictum

148 502 160 520 I
181 465 263 504 est.
312 457 404 511 (Of.
424 470 524 513 pag.
546 455 635 507 20.)
693 455 817 510 Quid
845 457 986 513 igitur
1019 457 1199 510 mirum,
1229 457 1349 513 quod
1376 455 1461 510 Vl,
1498 456 1568 505 29,
1598 458 1626 502 2

179 532 229 575 in
249 527 398 572 codice
418 524 680 582 Mosquensi
698 540 757 570 ex
775 532 930 583 aperta
946 526 1077 572 scioli
1095 525 1326 572 cuiusdam
1353 527 1626 572 correctione

179 598 347 655 legitur
381 595 639 653 infinitivus
663 592 894 651 διαγνῶναι,
931 601 977 640 et
1013 595 1097 650 VI,
1126 594 1197 650 38,
1227 595 1256 640 2
1290 596 1501 640 nonnulli
1531 610 1636 640 con-

179 665 433 711 iunctivum
462 660 570 719 ὦμεν
600 663 657 708 ad
684 666 807 705 κακοί
827 664 1099 709 trahendum
1118 670 1252 721 atque
1280 665 1331 708 in
1355 665 1590 709 enuntiato
1609 679 1636 708 a

179 736 263 791 ιφίν
299 733 614 778 coniunctione
649 733 864 790 pendenti
893 734 1174 779 infinitivum
1209 734 1306 775 εἶναι
1336 733 1635 793 supplendum

179 817 277 849 esse
306 802 478 861 opinati
507 802 645 847 sunt?
666 802 697 854 ¹)

294 872 393 916 Iam
413 871 529 916 illud
557 872 614 915 ad
639 872 1073 928 argumentationem
1091 886 1237 916 meam
1266 871 1633 916 corroborandam

180 940 348 997 aliquid
368 940 569 984 conferre
583 945 706 996 puto,
727 939 845 996 quod
860 953 952 983 uno
967 940 1066 983 loco
1080 940 1191 993 VII,
1205 939 1275 994 63,
1294 942 1314 984 1
1333 941 1525 996 πρότερον
1539 941 1637 996 -ἢ

183 1025 285 1054 cum
326 1009 614 1055 coniunctivo
644 1006 691 1060 ἄν
727 1008 950 1066 particula
983 1023 1076 1054 non
1115 1008 1268 1055 addita
1302 1010 1536 1055 invenitur
1565 1007 1653 1062 (ὤν’

177 1079 258 1136 χρὴ
282 1079 556 1135 μεμνημένους
572 1078 840 1135 διαμάχεσθαι
859 1078 953 1119 ὅσον
973 1077 1019 1119 ἂν
1049 1077 1220 1135 δύνησθε
1239 1079 1305 1120 καὶ
1322 1078 1375 1135 μὴ
1395 1078 1638 1127 ἐξωθεῖσθαι

181 1147 226 1193 ἐς
266 1146 396 1205 αἰνιήν,
439 1147 537 1189 ἀλλὰ
588 1145 863 1204 ξυμπεσούσης
911 1148 968 1203 νηὶ
1015 1146 1118 1192 νεὼς
1160 1147 1215 1203 μὴ
1263 1148 1456 1204 πρότερον
1505 1147 1636 1195 ἀξιοῦν

180 1216 434 1266 ἀπολύεσθαι,
473 1216 496 1272 ἢ
533 1217 627 1262 τοὺς
662 1217 738 1258 ἀπὸ
775 1218 845 1258 τοῦ
888 1218 1073 1273 πολεμίου
1107 1218 1448 1273 καταστρώματος
1484 1218 1640 1263 ὅπλά-ας·

181 1285 437 1343 ἀπαράξητε).
496 1286 799 1338 Vehementer
828 1286 883 1330 de
917 1286 1052 1330 huius
1081 1286 1170 1331 loci
1198 1286 1390 1331 lectione
1420 1287 1637 1343 discepta-

182 1361 279 1399 tum
316 1361 399 1400 est.
461 1354 648 1399 Codices
685 1356 806 1399 enim
844 1354 1159 1408 AOFGM2)
1200 1355 1368 1400 habent
1401 1354 1458 1412 ἦν,
1498 1355 1540 1399 Ε
1570 1355 1635 1411 ἧν;

181 1425 230 1467 in
260 1423 305 1468 G
334 1438 392 1467 ex
429 1429 584 1480 aperta
624 1429 881 1468 correctura
918 1424 1194 1481 adscriptum
1231 1430 1302 1468 est
1339 1424 1383 1480 ἢν
1409 1425 1477 1480 μή,
1518 1424 1637 1480 quod

182 1507 414 1550 perperam
434 1494 484 1537 in
504 1494 734 1551 vulgatam
754 1493 953 1550 irrepsit.
1010 1493 1109 1537 Iam
1128 1493 1379 1537 rectissime
1394 1492 1635 1538 Bekkerus

181 1562 495 1608 auctoritatem
530 1562 754 1617 Vaticani,
793 1562 956 1606 codicis
992 1563 1128 1606 unius
1165 1563 1367 1606 omnium
1404 1562 1636 1620 praestan·

181 1632 358 1686 tissimi,
386 1638 564 1678 secutus
586 1631 612 1688 ἤ
631 1638 761 1678 textu
791 1633 1004 1678 restituit.
1054 1632 1156 1678 Hoc
1175 1633 1381 1691 exemplo
1401 1633 1636 1691 perspicuo

181 1708 366 1759 apparet
401 1702 622 1746 rationem
660 1702 1009 1746 condicionalem
1053 1703 1239 1759 reprimi
1282 1704 1334 1747 vi
1378 1704 1636 1760 temporali;

181 1786 315 1827 quam
357 1787 445 1828 quo
481 1772 642 1816 fortius
689 1772 976 1829 significaret,
1021 1771 1269 1817 formulam·
1304 1772 1497 1829 πρότερον
1525 1797 1583 1804 -—-
1612 1771 1638 1828 ἢ

181 1838 387 1885 adhibuit
407 1840 702 1898 ‘Thucydides
731 1841 952 1898 particula
980 1839 1028 1881 ἄν
1057 1842 1233 1885 omissa.

297 1911 397 1954 Hoc
426 1911 524 1954 loco
545 1911 681 1954 etiam
707 1910 897 1955 duorum
917 1911 1226 1968 exemplorum
1245 1909 1416 1955 mentio
1436 1909 1638 1955 facienda

182 1984 264 2032 est,
291 1985 403 2036 quae
431 1979 480 2022 in
508 1981 725 2023 Aeneae
754 1980 972 2024 'Baetici
1001 1979 1320 2024 commentario
1350 1973 1637 2035 poliorcetico

182 2054 378 2095 exstant.
438 2049 627 2094 Duobus
658 2050 751 2094 illis
781 2050 906 2102 locis,
937 2049 1099 2106 quibus
1130 2049 1385 2094 coniunctio
1416 2050 1500 2105 πρίν
1521 2049 1638 2106 apud

182 2118 303 2163 hunc
331 2125 532 2163 autorem
562 2118 693 2163 nobis
723 2119 858 2164 obvia
887 2120 955 2172 fit,
987 2132 1089 2163 cum
1119 2119 1408 2162 coniunctivo
1431 2118 1638 2175 copulata

186 2193 267 2232 est.
328 2188 481 2232 Verba
508 2188 558 2231 in
587 2188 783 2232 editione
812 2188 1034 2233 Hercheri
1066 2189 1131 2232 sic
1160 2188 1392 2245 leguntur:
1426 2187 1640 2244 γενομένης

183 2257 231 2299 δὲ
257 2258 411 2315 ἡμέρας
436 2258 529 2303 τοὺς
553 2257 733 2314 φύλακας
753 2259 808 2315 μὴ
829 2258 986 2315 ἀφιέναι
1014 2262 1093 2311 (sc.
1108 2257 1212 2316 χρὴ)
1243 2257 1290 2299 ἐκ
1309 2260 1385 2298 τῶν
1406 2260 1637 2313 φυλακείων,

184 2328 268 2383 σφὶν
296 2326 344 2369 ἂν
374 2328 423 2370 τὰ
443 2327 525 2377 ἔξω
549 2328 888 2385 ποοερευνηθέντα
907 2328 1133 2385 ἐμφανισθῇ
1151 2327 1314 2383 καθαρὰ
1334 2327 1427 2369 ὄντα
1447 2329 1638 2384 πολεμίων

185 2401 299 2454 (cap.
338 2396 408 2450 27,
450 2398 535 2450 15).
601 2398 736 2443 Alter
773 2398 898 2443 locus
938 2401 1053 2455 (cap.
1093 2396 1164 2451 28,
1205 2396 1253 2449 4)
1296 2398 1361 2442 sic
1398 2412 1446 2441 se
1483 2398 1636 2442 habet:

184 2464 266 2514 ἔξω
295 2482 340 2508 τε
366 2467 520 2523 μηδένα
549 2468 753 2523 ἀφίεσθαι,
783 2469 866 2524 πρὶν
896 2467 942 2509 ἂν
972 2467 1214 2524 ἐξερευνηθῇ
1243 2467 1293 2508 τὰ
1321 2468 1408 2523 περὶ
1437 2467 1502 2522 τὴν
1523 2467 1638 2509 πόλιν.

187 2533 277 2579 Sed
320 2542 481 2581 neutro
526 2537 624 2581 loco
669 2538 808 2582 codex
851 2537 1184 2581 Laurentianus
1230 2536 1416 2581 exhibet
1460 2538 1542 2593 πρὶν
1579 2536 1636 2583 ἄν,

185 2610 342 2650 contra
381 2607 464 2662 νφὶν
494 2605 531 2662 ἦ,
576 2607 694 2664 quod
735 2622 873 2664 quum
917 2622 945 2651 a
981 2606 1177 2651 dictione
1207 2605 1364 2650 Attica
1399 2604 1638 2649 abhorrere

303 2765 331 2809 1)
357 2765 412 2802 Of.
437 2766 558 2812 Popp.
583 2767 606 2803 l.
631 2767 654 2803 l.
679 2767 727 2813 11,
750 2767 785 2814 4,
809 2768 865 2804 92.

301 2823 331 2869 2)
356 2822 504 2870 Sequor
527 2825 637 2872 signa
662 2826 834 2862 codicum
858 2836 882 2862 a
905 2824 1083 2863 Bekkero
1109 2828 1149 2861 et
1172 2823 1317 2861 Stahlio
1341 2823 1521 2862 adhibita.

1360 2897 1383 2930 4
