1836 3175
222 206 277 249 54

337 333 530 376 Restant
560 338 650 375 tres
682 331 781 382 looi,
808 330 894 385 *qui
925 329 1102 385 quidem
1133 345 1225 373 non
1253 345 1424 374 merum
1457 333 1673 375 aori‘stum

220 402 401 454 habent,
434 401 620 445 verbum
650 405 798 443 tamen
829 399 1049 442 auxiliare
1079 398 1271 440 δύνασθαι
1300 415 1402 443 eum
1430 401 1673 445 infinitivis

219 473 376 516 aoristi
408 471 659 527 copulatum
701 467 824 520 (Ἕλλ.
855 468 912 520 V,
950 468 990 521 4,
1031 467 1088 513 58
1118 468 1190 509 οὐκ
1219 468 1403 510 ἐδύναντο
1433 473 1553 526 σχεῖν,
1591 471 1674 525 πρὶν

221 540 480 596 ἐλιποψύχησε
528 544 573 581 et
610 539 702 592 Κυρ.
742 537 844 576 παιδ.
882 537 963 589 VI,
1009 537 1050 589 4,
1097 537 1146 581 11
1189 538 1235 578 οὐ
1272 539 1445 591 πούσθεν
1489 537 1673 579 ἐδύναντο

222 609 459 656 θεάσασθαι,
503 608 585 662 τιοὶν
625 606 831 662 ἀπῆλθεν);
878 607 1015 651 semel
1061 608 1318 653 infinitivus
1363 609 1611 665 praesentis
1649 623 1675 651 a

221 679 357 722 verbo
377 676 527 717 ἐθέλειν
547 676 745 731 pendens
762 683 895 727 extat
926 676 998 717 Ἀν.
1029 678 1067 729 Ι,
1090 677 1129 730 2,
1152 677 1227 721 26;
1259 680 1282 718 ὁ
1302 677 1340 719 δ’
1371 676 1469 718 οὔτε
1482 678 1674 733 πρότερον

219 749 353 789 οὐδενί
375 762 435 787 πω
460 747 653 802 κρεὲττονι
671 746 813 786 ἑαυτοῦ
844 747 903 791 εἷς
915 751 1059 802 χεζοας
1086 747 1213 788 ἐλθεῖν
1235 746 1312 804 ἔφη
1334 746 1425 788 οὔτε
1446 748 1537 788 τότε
1557 746 1674 802 Κύρῳ

217 818 313 859 ἰέναι
341 815 474 870 ἤθελε,
505 816 587 870 πρὶν
617 816 640 869 ἡ
676 816 768 869 γυνὴ
799 815 916 855 αὐτὸν
946 813 1079 856 ἔπεισε
1108 817 1173 855 καὶ
1207 818 1352 860 πίστεις·
1379 815 1516 869 ἔλαβε.
1575 816 1674 859 Hoc

216 886 312 929 loco
357 884 614 928 infinitivus
664 885 911 941 praesentis
962 884 1058 925 ἰέναι
1108 886 1351 942 opponitur
1394 885 1675 931 anteeedenti

216 954 447 997 infinitivo
477 954 634 997 aorieti
663 953 804 994 ἐλθεῖν.

334 1045 588 1103 Singula-ris
627 1052 696 1089 est
733 1047 858 1089 loeus
899 1048 1020 1086 Οἶκον.
1060 1047 1099 1098 7,
1139 1047 1165 1090 7
1202 1046 1248 1087 οὐ
1286 1047 1345 1101 μὰ
1388 1045 1462 1094 Δί’,
1507 1046 1553 1086 οὐ
1593 1048 1675 1101 πρίν

215 1130 261 1169 γε
298 1116 363 1154 καὶ
401 1112 541 1162 ἔθυσα,
589 1129 679 1157 non
720 1115 867 1158 solum
902 1120 1087 1171 propter
1132 1116 1397 1172 particulam
1442 1114 1502 1169 γέ,
1544 1129 1676 1171 quam

215 1184 341 1228 nullo
386 1184 485 1227 loco
536 1190 613 1227 aut
668 1183 957 1240 Thucydideo
1008 1189 1085 1227 aut
1136 1185 1482 1242 Xenophonteo,
1535 1185 1677 1229 solam

216 1253 521 1297 coniunctioni
558 1255 641 1309 πρίν
672 1253 869 1296 additam
899 1254 1169 1306 invenimus,
1213 1254 1288 1297 sed
1321 1255 1456 1298 etiam
1492 1255 1676 1312 propter

216 1324 399 1381 ellipsin
438 1322 565 1366 verbi
605 1324 815 1380 regentis,
862 1323 980 1379 quod
1018 1338 1073 1366 ex
1117 1325 1349 1368 enuntiato
1395 1324 1676 1368 antecedenti

220 1393 273 1433 Τὰ
294 1393 332 1434 δ’
356 1392 454 1433 ἄλλα
474 1392 594 1437 αὐτὸς
621 1392 930 1436 ἐπαίδευσας
957 1393 1022 1448 τὴν
1041 1397 1202 1447 γυναῖκα
1223 1392 1572 1450 depromendum
1594 1399 1673 1438 est.

332 1486 489 1541 Neque
505 1486 654 1528 minus
673 1484 962 1528 memorabile
980 1490 1050 1527 est
1070 1485 1191 1527 aliud
1208 1486 1578 1542 exemplum‘EM.
1592 1486 1673 1537 IV,

215 1555 256 1606 8,
288 1554 357 1605 28,
397 1560 634 1613 propterea
679 1554 798 1610 quod
835 1554 1122 1594 ἀνακαλουθίαν
1174 1555 1387 1598 eontinet.
1455 1554 1675 1599 Periodus

216 1626 335 1669 enim
384 1612 545 1681 inoiffit
589 1626 659 1668 his
708 1624 876 1668 verbis:
926 1622 1113 1679 ἐπιτυχὼν
1154 1622 1190 1662 δ’
1227 1623 1268 1663 ἐν
1310 1629 1357 1679 τῇ
1394 1623 1547 1678 Λέσβῳ
1594 1618 1679 1667 ’ταῖς
1724 1634 1733 1640 ‘

216 1695 369 1735 πόλεσιν
414 1695 556 1737 πάσαις
596 1694 685 1748 πλὴν
731 1693 990 1747 Μυτιληναίων
1035 1692 1348 1741 λακωνιζούσαις,
1396 1693 1458 1734 ἐπ’
1492 1694 1677 1748 οὐδεμίαν

217 1763 343 1805 αὐτῶν
370 1761 447 1821 ᾔει,
478 1764 560 1818 πρὶν
598 1763 639 1803 ἐν
671 1762 857 1819 Μυτιλήνῃ
895 1761 1088 1810 συντάξας
1122 1762 1214 1808 τούς
1248 1778 1291 1804 τε
1327 1764 1402 1805 ἀπὸ
1429 1766 1504 1805 τῶν
1534 1763 1677 1806 ἑαυτοῦ

216 1838 314 1876 νεῶν
345 1836 628 1890 τετρακοσίους
655 1835 811 1876 ὁπλίτας
839 1834 918 1872 κτλ.
979 1832 1307 1888 Exspectamus
1338 1849 1394 1876 ex
1418 1849 1502 1877 usu
1522 1834 1676 1877 Xeno-

217 1905 414 1961 phonteo
445 1909 638 1947 exeunte
660 1902 893 1946 enuntiato
914 1902 1222 1946 indicativum.
1276 1901 1366 1947 Sed
1388 1908 1677 1959 posteaquam

218 1973 305 2016 duo
336 1973 426 2015 alia
454 1973 692 2028 partieipia
729 1972 968 2015 coniuncta
998 1971 1229 2026 προςλαβών
1260 1978 1306 2015 et
1336 1972 1493 2016 ἐλπίδας
1519 1972 1680 2016 ὑποθείς

218 2042 401 2095 addidit,
456 2042 714 2098 Xenophon
758 2046 944 2098 propter
994 2040 1256 2097 ampliorem
1307 2041 1547 2086 verborum
1592 2042 1678 2086 cir-

197 2113 389 2162 ,cuitum
419 2114 501 2167 πρίν
534 2111 863 2155 coniunctionis
903 2111 952 2153 in
981 2111 1113 2154 initio
1147 2111 1319 2166 periodi
1349 2112 1519 2167 positae
1558 2111 1678 2155 haud

219 2183 328 2225 satis
360 2196 531 2224 memor
561 2182 807 2225 sententiae
841 2181 973 2224 modo
1004 2194 1238 2236 expressas
1261 2180 1389 2224 brevi
1417 2180 1677 2237 complexus

220 2251 466 2295 clausulam
497 2266 576 2308 per
606 2251 873 2293 ἀνακόλουθον
903 2251 1029 2295 facit:
1066 2251 1189 2305 ταῦτα
1219 2249 1267 2291 δὲ
1296 2250 1682 2308 παραμυθησάμενος

219 2322 283 2361 καὶ
313 2320 508 2368 συντάξας
532 2320 626 2376 ἦγεν
655 2321 798 2365 αὐτοὺς
826 2320 884 2361 ἐπὶ
914 2320 978 2375 τὴν
1010 2319 1233 2375 Μήθυμναν,

337 2413 580 2469 Reliquum
625 2420 713 2466 est,
766 2420 817 2457 ut
861 2414 982 2458 locos
1029 2412 1408 2468 Xenophontem,
1455 2412 1532 2468 qui
1577 2425 1676 2455 oon-

222 2485 473 2529 iunotivum
504 2485 601 2528 sive
632 2485 886 2541 optativum
916 2488 1020 2540 post
1049 2484 1132 2539 πρίν
1162 2482 1428 2539 particulam
1451 2480 1679 2538 praebent,

223 2555 374 2609 paucis
404 2568 658 2610 persequar.
722 2552 843 2598 Sunt
873 2554 921 2596 hi
951 2553 1118 2610 viginti
1148 2552 1255 2606 duo3
1287 2551 1551 2608 plerumque
1580 2564 1681 2606 per-

226 2624 372 2666 tinent
416 2623 471 2666 ad
508 2629 686 2679 tempus
724 2623 941 2666 futurum.
1013 2621 1202 2666 Duobus
1243 2622 1354 2665 loeis
1396 2620 1680 2664 enuntiatum

226 2692 487 2746 primarium
516 2706 638 2734 mero
672 2693 820 2734 futuro
851 2691 1026 2746 (Ἀπομν.
1048 2691 1131 2743 IV,
1161 2690 1203 2742 4,
1225 2689 1274 2734 9:
1306 2689 1378 2730 οὐκ
1407 2687 1570 2729 ἀκούσει
1598 2689 1681 2743 πρίν

226 2758 263 2813 γ’
302 2759 347 2799 ἂν
384 2760 561 2817 ἀποφήνῃ
600 2766 646 2804 et
686 2761 807 2801 θὶκον.
848 2759 888 2813 3,
933 2760 992 2812 1),
1041 2758 1212 2803 duobus
1255 2758 1355 2802 aliis
1402 2757 1681 2815 prohibitivo

228 2830 481 2872 continetur
511 2828 602 2881 (Ἀν.
633 2830 690 2883 V,
723 2829 763 2882 7,
803 2830 870 2872 1⁴2:
900 2830 953 2884 μὴ
984 2828 1192 2884 ἀπέλθητε,
1223 2829 1306 2883 πρὶν
1336 2827 1381 2867 ἂν
1412 2824 1608 2880 ἀκούσητε
1637 2828 1683 2866 et
