1836 3175
1601 219 1653 265 31

211 348 280 392 Of.
298 346 453 401 Ἀπομν.
470 346 531 397 II,
560 344 594 396 l,
616 342 691 388 30:
713 344 794 398 πρὶν
814 346 938 399 πεινῆν
959 344 1151 385 ἐσθίουσα
1170 345 1234 384 καὶ
1254 346 1337 400 πρὶν
1356 345 1465 400 διψῆν
1486 347 1656 387 πίνουσα.

208 440 264 448 —-
295 415 440 458 Mirus
471 420 540 458 est
579 414 836 457 infinitivus
865 415 1114 469 praesentis
1145 414 1201 457 ad
1231 420 1406 470 tempus
1437 416 1657 459 enuntiati

208 485 406 542 primarii
443 484 648 527 futurum
676 482 923 539 pertinens,
964 485 1041 540 qui
1070 484 1188 541 apud
1219 483 1525 541 Thucydidem
1564 486 1655 529 fere

207 570 299 599 non
327 568 414 597 usu
443 554 582 597 venit.
642 553 857 608 Exempli
885 554 1029 609 gratia
1056 555 1238 597 nomino
1266 552 1368 594 Ἕλλ.
1398 554 1481 606 IV,
1513 556 1552 606 5,
1587 555 1656 597 15:

207 627 426 681 ἀναχωρεῖν
470 622 615 667 αὐτοὺς
656 621 817 663 ἐκέλευε
858 622 941 677 πρὶν
985 622 1075 667 τοὺς
1116 624 1272 667 ὁπλίτας
1305 625 1404 679 ὁμοῦ
1446 624 1660 679 γίγνεσθαι.

207 693 342 738 Haud
385 691 571 734 difficile
615 696 683 734 est
733 691 966 734 intellectu
1014 692 1363 748 Xenophontem
1412 695 1659 749 praesentis

206 760 435 805 infinitivo
486 760 627 803 futuri
675 761 810 817 primi
867 761 1088 805 actionem
1137 763 1392 819 significare
1446 763 1657 815 voluisse,

206 844 342 886 quum
371 829 626 873 infinitivus
648 831 802 873 aoristi
832 845 1007 887 semper
1024 832 1185 875 habeat
1214 833 1310 876 vim
1330 833 1472 875 futuri
1495 833 1654 875 exacti.

206 901 329 944 Haec
366 899 504 943 verba
542 900 578 942 si
618 900 674 943 ad
714 902 960 944 orationem
1004 907 1170 944 rectam
1216 902 1654 954 conformaverimus,

150 973 154 986 ’
206 970 441 1014 eonsilium
472 971 702 1026 scriptoris
735 971 896 1013 elarius
929 970 1140 1014 elucebit:
1182 971 1388 1023 recedite,
1419 980 1656 1027 antequam

204 1040 401 1096 hoplitae
445 1030 603 1083 manus
648 1045 896 1083 conserant.
974 1039 1144 1083 Contra
1189 1041 1271 1089 πρὶν
1322 1041 1421 1094 ὁμοῦ
1470 1040 1657 1094 γενέσθαι

203 1109 590 1165 interpretandum
619 1117 754 1152 esset:
786 1116 1025 1165 antequam
1056 1111 1381 1153 conseruerint.
1433 1110 1501 1153 Of.
1523 1112 1658 1154 etiam

205 1179 298 1235 Κυρ.
328 1179 430 1219 παιδ.
462 1179 547 1232 ΙΙΙ,
584 1179 619 1232 1,
651 1180 706 1223 22
737 1185 782 1223 et
813 1180 941 1229 Oinous
971 1180 1034 1232 15,
1073 1178 1137 1223 10.

317 1249 560 1310 Reliquum
604 1256 685 1302 est,
731 1256 783 1292 ut
813 1249 865 1291 de
904 1249 1090 1305 perfecti
1119 1249 1376 1301 infinitivis,
1421 1251 1497 1305 qui
1540 1251 1658 1306 apud

202 1320 551 1375 Xenophontem
572 1319 743 1363 duobus
766 1319 1023 1363 Anabaseos
1044 1319 1154 1364 loeis
1179 1319 1487 1372 inveniuntur,
1520 1334 1659 1377 pauca

202 1387 357 1431 dicam.
431 1389 543 1431 Loci
601 1396 709 1431 sunt
757 1389 893 1444 digni,
950 1403 1059 1444 quos
1109 1389 1286 1443 plenius
1338 1390 1655 1433 exscribamus.

201 1458 283 1509 IV,
305 1459 345 1509 5,
368 1457 442 1501 22:
475 1459 556 1513 πρὶν
586 1457 709 1498 εἴκοσι
738 1457 878 1498 στάδια
897 1456 1161 1514 διεληλυθέναι
1179 1455 1277 1512 ἦσαν
1298 1458 1396 1513 πρὸς·
1413 1464 1459 1515 τῇ
1478 1457 1591 1514 κώμῃ
1612 1463 1658 1501 et

201 1526 283 1578 VI,
307 1529 346 1579 5,
368 1529 412 1570 5:
450 1528 532 1582 πρὶν
563 1527 609 1568 δὲ
640 1528 920 1568 πεντεκαίδεκα
941 1528 1080 1568 στάδια
1101 1527 1364 1584 διεληλύθεναι
1383 1527 1564 1583 ἐνέτυχον
1584 1527 1656 1582 ἤδη

201 1602 362 1652 νεκροῖς.
421 1598 624 1641 Eandem
670 1598 887 1642 exhibent
930 1597 1179 1652 formulam,
1226 1612 1337 1654 quae
1367 1598 1502 1641 etiam
1539 1597 1657 1654 apud

200 1666 479 1710 Herodotum
509 1667 596 1719 III,
619 1666 688 1720 25,
711 1667 737 1709 2
759 1668 965 1710 occurrit.
1015 1668 1151 1710 Ratio
1180 1668 1503 1710 sententiarum
1533 1668 1583 1709 in
1603 1682 1655 1709 ea

200 1751 247 1778 re
277 1732 421 1791 posita
442 1742 522 1787 est,
554 1743 606 1779 ut
627 1744 862 1791 antequam
883 1737 997 1779 actio
1019 1737 1280 1780 secundaria
1299 1737 1431 1792 plane
1452 1736 1657 1779 absoluta

199 1805 346 1857 fuerit,
378 1806 467 1847 iam
497 1806 611 1849 actio
632 1806 843 1862 primaria
863 1806 1177 1849 intercesserit.
1238 1805 1396 1860 Itaque
1427 1813 1504 1847 aut
1533 1805 1655 1861 plus-

200 1874 579 1929 quamperfectum
629 1876 677 1917 in
727 1875 957 1918 enuntiato
1010 1875 1221 1930 primario
1272 1874 1526 1925 invenitur,
1578 1881 1656 1917 aut

199 1943 390 1986 aoristus
422 1943 503 1986 hac
534 1944 717 1987 notione
751 1944 991 2000 praeditus.
1045 1943 1325 1998 Quamquam
1355 1949 1511 1999 poetae
1534 1944 1655 1987 Atti-

200 2026 352 2056 corum
383 2013 546 2056 scenici
576 2028 601 2056 a
630 2014 868 2057 severitate
889 2028 996 2056 usus
1020 2013 1218 2070 vulgaris
1248 2012 1474 2055 interdum
1494 2013 1654 2056 abhor-

199 2089 398 2136 ruerunt,
431 2085 495 2127 ita
523 2092 575 2127 ut
605 2084 844 2140 Euripides
875 2089 945 2127 ter
961 2084 1003 2136 ¹),
1035 2082 1364 2138 Aristophanes
1396 2082 1533 2126 octies
1563 2083 1653 2126 iam

197 2152 426 2196 infinitivo
457 2154 643 2209 perfecti
673 2153 956 2205 indulserint,
989 2157 1140 2195 tamen
1169 2167 1195 2193 a
1216 2152 1510 2208 scriptoribus
1534 2153 1655 2195 Atti-

199 2235 350 2264 corum
381 2222 661 2277 pedestribus
691 2225 799 2266 'haec
828 2237 986 2266 norma
1014 2226 1207 2270 tenetur,
1269 2220 1654 2275 Quemadmodum

197 2289 337 2345 igitur
366 2290 436 2334 his
458 2306 567 2348 quos
597 2292 727 2336 modo
759 2291 1101 2335 commemoravi
1137 2291 1247 2333 locis
1277 2291 1534 2334 infinitivus
1555 2306 1654 2347 per·-

198 2359 303 2402 fecti
323 2362 453 2404 unice
485 2378 617 2405 verus
648 2369 729 2414 est,
761 2363 825 2405 ita
847 2376 1054 2418 perverse
1076 2376 1178 2404 eum
1203 2359 1278 2401 Ἀν.
1300 2361 1383 2413 IV,
1421 2361 1456 2413 1,
1488 2360 1539 2404 21
1577 2360 1651 2403 ad-

198 2419 392 2475 hibitum
442 2447 538 2477 esse
588 2447 847 2489 persuasum
900 2430 1038 2475 habeo
1083 2431 1164 2483 (καὶ
1213 2430 1277 2471 διὰ
1327 2430 1442 2470 τοῦτό
1488 2444 1535 2470 σε
1582 2429 1653 2486 οὐχ

198 2497 397 2553 ὑπέμενον,
419 2501 463 2541 εἴ
472 2518 555 2545 πως·
572 2503 752 2557 δυναᾲιην
768 2501 933 2555 φθάσαι,
954 2502 1036 2556 πρὶν
1052 2501 1308 2554 κατειλῆφθαι
1323 2501 1388 2554 τὴν
1404 2501 1650 2555 ὑπερβολήν).

200 2565 276 2612 Sic
306 2571 522 2626 praebent
554 2571 724 2617 codices
746 2571 1001 2625 deteriores,
1033 2586 1143 2628 quos
1177 2570 1368 2615 editores
1391 2577 1648 2627 sequuntur,

197 2638 302 2691 quia
334 2641 382 2682 in
414 2642 673 2685 melioribus
714 2641 837 2685 ABG
855 2643 888 2693 2)
933 2643 1070 2685 verba
1107 2643 1190 2697 πρὶν
1227 2643 1482 2696 κατειλῆφθαι
1520 2642 1649 2696 plane

315 2798 341 2843 l)
368 2798 423 2836 of.
447 2801 662 2838 Elmsleium
687 2802 737 2838 ad
760 2802 849 2838 Eur.
874 2802 971 2838 Med.
997 2811 1032 2837 v.
1059 2801 1113 2835 79.

312 2857 341 2903 2)
366 2858 462 2895 Utor
487 2860 760 2906 significatione
785 2861 826 2897 L.
851 2859 1037 2897 Dindorfii
1063 2864 1101 2896 et
1126 2859 1347 2897 Sehenkelii.
