1836 3175
165 199 224 244 34

165 327 390 370 sententia
408 325 620 382 primaria
638 323 912 367 affirmativa
934 330 1015 375 est,
1047 324 1096 366 in
1125 324 1373 379 posteriore
1392 324 1614 381 negativa.

166 395 236 440 Of.
276 395 312 437 A
353 392 438 439 236
483 400 527 437 et
571 394 611 434 N
651 390 744 435 161.
821 391 914 437 Sed
957 393 1045 436 loci
1088 393 1319 436 Homerici
1364 394 1617 437 consistunt

164 479 316 509 omnes
346 466 395 507 in
424 464 595 507 ratione
631 461 920 518 paratactica;
958 476 1100 518 neque
1130 461 1353 506 Hesiodus
1390 461 1445 504 ad
1475 462 1617 519 hypo-

165 535 292 578 taxin
311 532 517 590 progredi
546 545 679 575 ausus
701 537 782 575 est.
835 531 1042 576 Primum
1063 532 1317 576 huiusmodi
1345 527 1614 588 exemplum,

163 603 280 660 quod
309 603 392 658 ψίν
423 601 785 644 coniunctionem
815 615 919 651 cum
949 602 1195 647 indicativo
1225 602 1455 659 praeteriti
1482 615 1616 658 copu-

161 674 297 715 latam
318 670 526 722 ostendit,
548 670 782 713 invenitur
802 671 850 712 in
871 671 1056 727 Hymno
1084 673 1133 714 in
1155 673 1241 728 Ap.
1261 671 1398 728 Pyth.
1416 687 1447 715 v
1471 668 1551 713 179
1567 670 1615 726 ¹).

161 742 418 784 Atticorum
463 739 764 783 vetustiorum
809 740 977 796 scripta
1021 741 1059 783 si
1104 740 1449 797 perlustramus,
1500 739 1615 796 apud

160 810 436 866 Aeschylum
475 809 614 851 semel
654 809 827 860 (Prom.
859 807 975 861 482),
1016 811 1155 852 semel
1195 810 1313 866 apud
1346 809 1616 866 Sophoclem

160 878 292 937 (Oed.
331 879 436 936 Tyr.
470 877 586 932 776),
620 879 783 935 septies
813 879 929 935 apud
949 879 1216 936 Euripidem
1233 880 1267 931 ²)
1297 882 1379 935 rgoe'v
1411 895 1510 924 cum
1548 881 1616 923 in-

158 949 351 992 dicativo
393 954 662 1005 usurpatum
700 948 906 993 videmus
944 949 1170 993 sententia
1198 950 1616 1005 primariasemper

159 1018 444 1062 affirmativa.
509 1017 601 1073 Qui
646 1019 734 1062 loci
776 1033 930 1062 omnes
975 1024 1156 1062 nostrae
1200 1019 1364 1061 rationi
1403 1019 1616 1062 facillime

160 1088 567 1132 accommodantur.
646 1089 778 1132 Actio
829 1088 1044 1145 primaria
1097 1103 1273 1146 semper
1322 1094 1391 1132 est
1435 1088 1613 1133 durans.

160 1157 284 1213 Quae
328 1164 569 1215 antequam
613 1159 746 1214 plane
792 1158 847 1201 ad
892 1159 1029 1201 finem
1081 1159 1302 1214 pervenit,
1356 1158 1616 1202 secundaria

157 1228 245 1270 iam
275 1228 428 1272 intrat.
489 1228 794 1272 Enuntiatum
826 1242 852 1271 a
881 1230 964 1283 πρίν
994 1228 1310 1273 coniunctione
1348 1242 1614 1285 suspensum

157 1297 249 1340 fere
291 1298 439 1341 solum
480 1312 561 1353 per
604 1312 650 1341 se
697 1303 884 1350 constat,
930 1298 996 1341 ita
1041 1303 1094 1341 ut
1137 1298 1257 1341 haud
1297 1298 1452 1354 procul
1476 1298 1615 1341 'absit

157 1380 183 1409 a
234 1366 452 1422 parataxi.
534 1367 591 1410 In
645 1367 1025 1423 comparationem
1077 1381 1289 1410 vocemus
1345 1368 1616 1411 Latinorum

157 1437 517 1480 coniunctionem
560 1453 697 1494 quum,
744 1451 856 1492 quae
903 1437 1077 1480 actione
1122 1437 1412 1481 antecedente
1455 1438 1616 1480 iterata

156 1506 252 1549 sive
297 1505 488 1550 durante
533 1506 689 1549 eodem
723 1506 854 1549 modo
886 1507 1013 1561 quasi
1043 1508 1342 1561 παρατακτικῶς
1370 1520 1470 1550 oum
1500 1506 1615 1548 indi-

156 1575 304 1619 cativo
336 1575 587 1631 copulatur.

268 1667 442 1711 Eadem
482 1673 552 1711 est
590 1668 719 1720 ratio,
762 1668 801 1710 si
838 1667 949 1710 duae
986 1668 1235 1711 sententiae
1272 1667 1494 1725 particula
1532 1669 1615 1723 πρίν

156 1752 349 1782 conexae
381 1743 583 1794 tempore
612 1738 765 1781 futuro
798 1737 1100 1781 continentur.
1162 1739 1317 1781 Affero
1349 1739 1378 1778 A
1408 1736 1482 1781 29:

307 1818 373 1873 τὴν
404 1817 440 1858 δ’
474 1817 555 1873 ἐγὼ
587 1818 633 1858 οὐ
663 1817 783 1858 λύσω·
814 1819 897 1874 πρίν
926 1832 988 1872 μιν
1018 1819 1082 1858 καὶ
1111 1821 1236 1873 γῆρας·
1264 1816 1405 1859 ἔπεισιν
1417 1819 1465 1869 3).

155 1898 245 1954 ῙΙρίν
276 1898 547 1942 sententiam
569 1899 906 1942 antecedentem
928 1899 1112 1954 respicit
1120 1915 1130 1951 ;
1161 1899 1287 1942 illam
1307 1913 1398 1942 non
1419 1898 1591 1943 solvam
1603 1914 1613 1952 ;

154 1968 278 2025 prius
339 1972 418 2021 (sc.
487 1982 619 2024 quam
678 1968 929 2020 exsolvam)
989 1973 1195 2012 senectus
1255 1983 1353 2013 eam
1412 1969 1612 2012 subierit.

154 2038 348 2081 Etiamsi
377 2043 619 2094 utrumque
649 2038 935 2081 enuntiatum
966 2052 1046 2080 suo
1077 2038 1174 2080 iure
1194 2038 1352 2091 utitur,
1386 2042 1537 2081 tamen
1565 2052 1616 2081 ea

155 2113 223 2152 est
269 2106 511 2164 parataxis,
572 2123 683 2163 quae
733 2107 787 2151 ab
838 2108 1057 2164 hypotaxi
1110 2107 1229 2150 haud
1278 2108 1433 2164 procul
1483 2108 1612 2152 absit.

157 2176 337 2232 Quanto
365 2178 509 2235 magis
541 2178 662 2221 enim
694 2183 815 2221 certa
844 2176 1087 2234 apodoseos
1118 2177 1359 2222 affirmatio
1380 2177 1613 2230 minuitur,

154 2253 280 2291 tanto
319 2248 547 2291 infirmior
583 2249 638 2291 fit
668 2248 845 2304 negatio
887 2248 1137 2296 sententiae
1168 2248 1419 2304 primariae.
1483 2246 1616 2301 Quod

154 2322 205 2359 ut
246 2316 592 2369 demonstretur,
634 2332 734 2360 cum
774 2317 854 2360 illo
880 2331 1018 2372 >quem
1050 2316 1180 2360 modo
1211 2306 1445 2360 attulimus
1477 2316 1614 2359 alium

153 2385 308 2429 Iliadis
340 2386 490 2430 locum
519 2387 567 2429 in
599 2384 977 2442 comparationem
1007 2400 1217 2429 vocemus
1247 2386 1283 2426 Ω
1314 2387 1420 2429 551;

324 2466 424 2508 οὐδέ
446 2482 510 2522 μιν
540 2469 761 2523 ἀνστήσεις·
792 2469 876 2522 πρὶν
904 2468 969 2508 καὶ
998 2468 1120 2508 κακὸν
1151 2466 1243 2507 ἄλλο
1274 2467 1474 2522 πάθῃσθα.

158 2546 394 2592 Sententia
438 2549 505 2592 sic
551 2549 839 2605 explanatur:
891 2563 1035 2604 neque
1081 2563 1188 2592 vero
1235 2563 1336 2591 eum
1381 2547 1611 2599 excitabis,

272 2720 299 2764 1)
325 2719 380 2757 Cf.
404 2720 595 2758 Foerster.
620 2721 658 2757 in
682 2720 811 2767 priore
837 2721 1040 2758 Miscellan.
1066 2721 1128 2757 lib.
1154 2731 1242 2766 pag.
1269 2721 1322 2756 13.

271 2777 300 2822 2)
326 2777 381 2814 Of.
405 2778 561 2824 Prause,
586 2778 608 2814 l.
633 2779 656 2815 1.
681 2789 770 2825 pag.
795 2779 943 2815 27—28.

269 2834 300 2879 3)
325 2834 467 2872 Similia
491 2837 663 2881 exempla
686 2836 790 2882 apud
814 2836 937 2873 Richt.
963 2837 985 2871 1.
1011 2837 1033 2871 1.
1059 2846 1148 2882 pag.
1174 2836 1322 2871 15-16.
