1836 3175
1614 201 1671 245 47

226 331 364 377 semel
387 328 559 374 'aoristi
587 326 643 379 (Ι,
674 325 745 379 91,
776 324 823 378 3)
853 331 1011 383 quater
1040 328 1302 384 praesentis,
1339 327 1417 383 qui
1444 332 1492 371 et
1520 328 1669 371 verbis

225 399 399 445 dicendi
436 400 629 454 προειπεῖν
665 396 746 447 (ΙΙ,
785 394 856 449 84,
896 396 951 449 1),
989 397 1153 438 ὑπειπεῖν
1197 397 1278 451 (II,
1313 395 1408 449 102,
1451 398 1508 449 5),
1556 397 1670 437 εἶπειν

224 470 305 524 (ΙΙ,
337 467 377 522 6,
410 467 455 518 2)
485 459 532 510 et
560 465 795 521 participio
828 466 955 509 verbi
984 466 1155 507 κελεύειν
1184 467 1240 518 (1,
1271 465 1341 517 91,
1372 463 1421 516 3),
1457 471 1503 508 et
1532 466 1671 509 verbo

218 542 359 596 χρῆναι
394 536 495 595 (VI,
544 534 608 587 10,
655 535 700 586 5)
730 535 1026 592 subiungendi
1062 541 1180 580 sunt.
1251 535 1336 579 His
1367 534 1586 594 exemplis
1615 534 1672 578 ad

224 606 475 663 simplicem
495 604 710 646 orationis
731 611 879 647 rectae
893 605 1081 647 formam
1102 605 1293 648 redactis
1314 604 1423 648 nudi
1438 604 1673 647 restabunt-

222 674 500 733 prohibitivi,
546 673 623 728 qui
668 674 843 730 semper
884 673 940 717 ad
984 680 1161 731 tempus
1205 673 1408 718 futurum
1452 679 1670 730 spectant,

219 746 273 800 μὴ
293 745 421 799 ἀφῆτε
440 744 496 795 (Ι,
527 742 596 794 91,
628 741 688 794 3),
715 742 838 797 μηδὲν
858 743 1041 798 ποιήσητε
1073 744 1155 796 (ῙῙ,
1187 743 1226 796 6,
1257 743 1302 794 2)
1329 744 1384 798 μὴ
1404 743 1672 799 ἐπιχειρῆσητε

223 813 301 866 (Π,
345 810 416 864 84,
466 811 520 862 1),
562 811 616 865 μὴ
656 810 826 866 ἀξιῶμεν
863 812 962 863 (VI,
1008 812 1071 863 10,
1116 814 1173 863 5).
1244 812 1346 855 Uno
1382 814 1481 855 1000
1522 828 1671 856 merus

221 882 365 926 futuri
383 880 654 924 indicativus
675 895 722 923 se
741 879 972 936 praebebit
990 881 1053 932 II,
1078 880 1174 933 102,
1195 882 1240 923 5:
1259 880 1334 920 οὐκ
1354 879 1464 921 ἔσται
1483 880 1596 925 λύσις,
1616 906 1672 911 -

224 951 315 995 Sed
343 950 398 993 de
428 949 599 993 duobus
630 949 721 992 illis
752 949 862 992 locis
893 949 981 1001 III,
1021 949 1090 1002 22,
1120 948 1149 994 8
1179 955 1225 993 et
1255 950 1338 1001 IV,
1380 949 1476 1001 117,
1519 950 1554 1001 1,
1593 951 1671 1005 qui

222 1020 474 1076 optativum
495 1018 724 1071 exhibent,
756 1018 863 1074 quid
882 1018 1110 1062 dicemus?
1161 1018 1395 1073 Quomodo
1419 1015 1674 1074 discrepant

222 1104 247 1132 a
283 1088 540 1145 prioribus?
609 1087 661 1132 Si
698 1102 878 1131 sensum
919 1089 1196 1145 respicimus,
1241 1089 1357 1132 nihil
1396 1096 1465 1131 est
1508 1088 1673 1132 discre-

221 1158 423 1214 pantiae3
468 1172 573 1201 nam
619 1158 701 1210 IV,
751 1156 845 1210 117,
888 1157 906 1200 1
948 1158 1171 1202 antecedit
1214 1159 1470 1203 infinitivus
1516 1159 1673 1202 aoristi

223 1242 324 1270 cum
371 1227 416 1267 ἄν
467 1227 687 1283 particula
737 1228 1014 1279 coniunctus,
1065 1230 1141 1283 qui
1186 1242 1213 1271 a
1259 1228 1398 1272 verbo
1447 1229 1671 1272 sentiendi

220 1297 386 1353 pendet
427 1298 674 1352 (νομίωντες
708 1295 904 1352 Ἀθηναῖοι
940 1295 1014 1351 μὲν
1057 1296 1130 1338 οὐκ
1173 1296 1219 1338 ἂν
1267 1295 1324 1338 ἔτι
1368 1297 1434 1337 τὸν
1474 1296 1673 1352 Βρασίδαν

221 1368 332 1427 σφῷν
362 1368 682 1422 προσαποστῆσαι
711 1365 839 1413 οὐδέν,
869 1368 951 1421 πρὶν
971 1368 1336 1420 παρασκευάσαιντο
1356 1365 1451 1406 καθ’
1477 1367 1654 1421 ἡσυχίαν)
1661 1382 1672 1418 ;

221 1443 267 1481 et
295 1437 384 1489 ΙΠ,
424 1435 493 1489 22,
534 1435 563 1480 8
600 1437 880 1480 enuntiatum
920 1451 946 1479 a
977 1436 1289 1480 coniunctione
1318 1436 1426 1480 ὅπως
1452 1435 1672 1491 incipiens

221 1507 374 1559 anteit,
434 1499 570 1561 quod*
610 1511 850 1561 utrumque
907 1507 1137 1549 notionem
1199 1505 1343 1548 futuri
1400 1506 1670 1560 aequiparat,

224 1575 504 1631 Quamquam
537 1575 812 1619 Graecorum
847 1590 971 1619 more
1009 1575 1143 1620 etiam
1181 1575 1230 1618 111
1261 1575 1462 1619 oratione
1492 1573 1673 1629 obliqua

220 1646 481 1701 plerumque
518 1650 745 1688 structura
782 1645 997 1689 orationis
1034 1649 1180 1688 rectae
1216 1649 1380 1696 manet,
1419 1644 1491 1687 his
1521 1650 1673 1686 tamen

220 1715 329 1757 locis
366 1715 413 1757 in
450 1714 641 1757 formam
676 1714 902 1769 obliquam
937 1729 986 1759 re
1027 1729 1136 1758 vera
1169 1715 1364 1757 transiit.
1425 1713 1543 1758 Utra
1573 1727 1671 1756 ora-

220 1783 358 1827 tionis
399 1783 514 1827 ratio
551 1783 826 1835 adhibeatur,
866 1797 999 1839 quam
1036 1784 1167 1839 parvi
1207 1784 1401 1835 intersit,
1438 1783 1585 1826 elucet
1615 1797 1669 1825 ex

220 1853 316 1896 1000
346 1854 435 1905 ΙΙΙ,
467 1852 536 1905 22,
566 1852 607 1905 8,
643 1853 721 1897 ubi
751 1852 1058 1897 duae·formae
1088 1853 1352 1896 miscentur:
1394 1852 1503 1896 ὅπως·
1535 1852 1672 1906 ἀσαφῆ

220 1922 269 1962 τὰ
298 1926 440 1978 σημεῖα
469 1925 538 1977 τῆς·
555 1923 808 1978 φρυκτωρίας·
827 1925 909 1966 τοῖς
934 1923 1131 1977 πολεμίοις
1156 1921 1182 1980 ᾗ
1208 1923 1273 1963 καὶ
1300 1922 1354 1976 μὴ
1383 1922 1572 1978 βοηθοῖεν
1601 1945 1672 1967 —‚

219 1993 303 2046 πρὶν
332 1994 445 2045 σφῶν
480 1994 519 2032 οἱ
555 1991 699 2046 ἄνδρες·
727 1993 766 2032 οἷ
797 1991 968 2039 ἐξιόντες
994 1990 1219 2047 διαφύγοιεν
1255 1994 1320 2033 καὶ
1357 1994 1425 2033 τοῦ
1470 1992 1675 2046 ἀσφαλοῦς

219 2061 495 2113 ἀντιλάβοιντο.
559 2061 719 2106 Subito
750 2077 893 2118 neque
924 2077 1024 2106 cum
1054 2062 1149 2105 ulla
1178 2075 1310 2106 causa
1339 2063 1519 2105 interna
1548 2068 1671 2105 tran-

220 2132 333 2175 situs
371 2133 426 2175 fit
463 2132 518 2176 ad
559 2133 773 2176 orationis
810 2132 1015 2189 obliquae
1053 2133 1254 2176 formam.
1317 2132 1601 2189 Thucydides
1632 2133 1670 2176 si

220 2202 493 2257 perrexisset
539 2202 687 2246 verbis
731 2203 796 2242 καὶ
836 2202 891 2258 μὴ
934 2202 1149 2258 βοηθῶσιν,
1195 2203 1331 2252 etiam
1375 2202 1424 2246 in
1469 2202 1668 2246 clausula

220 2271 393 2326 periodi
424 2272 734 2315 coniunctivos
765 2273 1000 2328 posuisset.

335 2341 486 2397 Atque
521 2356 641 2385 nunc
671 2341 850 2398 quidem
878 2357 961 2387 nos
997 2348 1129 2387 vocat
1158 2306 1357 2399 quaestio
1388 2341 1668 2391 difficillima,

219 2415 371 2453 utrum
403 2411 684 2468 Thucydides
714 2412 836 2455 inter
866 2413 1205 2457 coniunctivum
1235 2427 1337 2456 cum
1367 2410 1413 2451 ἄν
1451 2411 1671 2468 particula

220 2479 507 2523 coniunctum
526 2488 572 2524 et
593 2481 789 2524 eiusdem
809 2482 1055 2537 particulae
1075 2487 1306 2538 expertem
1326 2481 1670 2536 discrepantiam

220 2550 430 2594 statuerit
468 2565 620 2594 necne.
686 2550 763 2594 Ex
802 2550 1009 2595 undecim
1053 2551 1174 2594 enim
1212 2549 1430 2606 exemplis
1475 2549 1670 2606 quinque

220 2618 469 2673 simplicem
490 2621 829 2665 coniunctivum
848 2620 1070 2677 particula
1099 2619 1145 2660 ἄν
1174 2634 1265 2664 non
1286 2619 1436 2663 addita
1454 2619 1669 2675 praebent

219 2686 319 2740 (VI,
363 2688 429 2742 10,
469 2691 514 2743 53
560 2690 643 2743 VI,
683 2689 751 2744 29,
793 2689 860 2745 2;-
885 2690 966 2744 VI,
1006 2688 1075 2744 38,
1116 2689 1163 2744 2;
1217 2689 1349 2741 VIII,
1382 2688 1422 2742 9,
1459 2690 1476 2731 1
1528 2694 1573 2732 et
1602 2687 1666 2739 3).

158 2758 162 2762 '
219 2755 344 2799 Haec
381 2759 626 2814 particulae
673 2759 718 2799 ἄν
756 2761 937 2804 omissio
982 2774 1121 2816 quum
1158 2761 1428 2816 optimorum
1468 2758 1667 2802 codicum

220 2840 437 2870 consensu
483 2829 701 2882 firmetur,
748 2831 974 2873 neminem
1008 2820 1117 2887 puto
1155 2843 1395 2873 evasurum
1439 2842 1547 2880 esse,
1590 2827 1665 2883 qui
