1836 3175
186 207 241 251 22

186 348 288 377 eum
318 333 469 377 dativo
499 332 683 376 eandem
707 331 871 375 habere
902 332 996 375 vim
1027 337 1159 388 atque
1189 332 1237 375 in
1267 330 1418 375 verbis
1449 331 1637 376 timendi

185 404 250 446 ita
285 408 337 445 ut
374 407 576 445 nostrum
601 401 681 456 szr
717 401 814 461 sive
859 417 929 443 um
973 403 1240 457 aequiparet,
1286 409 1332 445 et
1377 403 1639 458 genetivum

186 472 253 511 τοῦ
284 495 342 501 —-
372 468 634 525 περαιωθῆναι
670 483 767 511 esse
804 469 1093 523 obieetivum‚
1133 485 1399 527 suspensum
1436 470 1492 514 ab
1532 471 1638 525 ἀγών

186 553 305 591 voce,
327 539 391 581 ita
409 543 460 581 ut
480 537 706 580 sententia
723 538 804 580 sit:
826 537 881 581 de
904 538 1062 582 Sicilia
1076 541 1201 596 prius
1217 554 1309 584 non
1325 539 1637 592 decertabitur,

184 623 315 664 quam
338 612 562 652 certamen
583 606 637 650 de
668 608 863 652 transitu
893 610 1031 653 maris
1052 610 1173 654 Ionii
1192 610 1362 655 factum
1390 611 1490 655 erit.
1541 610 1638 654 Hac

183 677 479 734 explicatione
499 676 687 733 probata
716 676 769 719 de
790 678 1021 723 infinitivo
1051 694 1078 722 a
1108 680 1300 725 formula
1329 682 1519 737 πρότερον
1537 679 1640 735 -ἤ

181 746 394 804 pendenti
424 760 570 790 sermo
601 760 698 790 esse
727 762 820 791 non
850 753 1013 805 potest.

296 816 448 858 Variis
478 816 700 860 infinitivi
731 831 832 860 cum
862 820 945 872 πρίν
994 818 1217 873 particula
1255 820 1495 863 structuris
1539 834 1638 875 per-

181 885 384 928 lustratis
415 899 506 929 non
537 886 742 942 ineptum
778 887 891 930 mihi
922 887 1103 931 videtur
1134 892 1421 943 pertractare,
1464 888 1639 944 quando

180 956 436 998 infinitivus
468 956 675 1010 simplex,
714 957 890 1010 quando
930 971 1030 999 cum
1064 957 1320 999 accusativo
1353 959 1585 1013 copulatus
1615 973 1641 1002 a

182 1023 443 1081 Thucydide
481 1024 777 1081 usurpetur.²)
842 1024 935 1069 Res
973 1039 1053 1082 per
1083 1039 1131 1069 se
1168 1025 1267 1082 ipsa
1304 1030 1375 1070 est
1413 1025 1639 1079 facillima,

181 1094 391 1148 quoniam
421 1095 531 1137 haee
561 1109 735 1149 quoque
766 1096 988 1139 infinitivi
1018 1100 1246 1139 structura
1265 1095 1440 1152 legibus
1461 1096 1640 1154 linguae

180 1177 361 1220 graecae
406 1163 539 1220 plane
584 1163 802 1209 obstricta
845 1170 1039 1209 tenetur.
1115 1164 1301 1209 Etenim
1346 1164 1552 1221 quotiens
1592 1165 1641 1210 in

181 1233 413 1275 enuntiato
444 1233 708 1276 secundario
739 1249 930 1289 persona
961 1236 1057 1278 sive
1088 1249 1159 1277 res
1197 1234 1413 1289 quaedam
1451 1234 1641 1278 subiecti

180 1302 277 1345 loco
323 1302 561 1360 cogitanda
606 1308 687 1356 est,
733 1318 846 1360 quae
886 1304 1040 1348 eadem
1077 1304 1127 1347 in
1164 1304 1388 1348 sententia
1430 1304 1642 1360 primaria

180 1372 381 1427 quolibet
412 1386 516 1415 casu
542 1387 755 1428 expressa
778 1374 917 1426 adest,
949 1374 1207 1418 infinitivus
1229 1374 1421 1430 simplex
1443 1374 1638 1430 ponitur.
1666 1424 1669 1425 ⁷

180 1441 453 1497 Plerumque
485 1442 609 1485 notio
631 1443 846 1498 primaria
877 1444 1127 1487 communis
1158 1449 1227 1487 est
1255 1443 1376 1487 inter
1396 1448 1641 1499 utrumque

180 1511 478 1562 enuntiatum,
512 1511 640 1554 velut
669 1512 707 1564 I,
731 1510 800 1565 78,
837 1512 854 1554 1
891 1515 978 1565 (τοῦ
1008 1501 1180 1568 πολέμου
1211 1513 1276 1552 τὸν
1307 1513 1528 1567 παράλογον
1558 1514 1640 1568 πρὶν

180 1580 220 1621 ἐν
252 1580 361 1636 αὐτῷ
391 1580 580 1635 γενέσθαι
609 1582 909 1636 προδιάγνωτε).
972 1582 1062 1627 Sed
1093 1584 1228 1627 etiam
1259 1596 1386 1626 casus
1418 1582 1640 1626 enuntiati

180 1651 382 1706 primarii
414 1650 621 1705 obliquus
653 1651 844 1695 subiecti
868 1653 965 1695 vice
987 1653 1043 1695 ad
1062 1653 1344 1696 infinitivum
1366 1652 1641 1708 supplendus

180 1725 259 1765 est.
329 1719 464 1763 Haud
502 1734 602 1762 raro
641 1720 759 1776 apud
790 1721 1098 1778 Thucydidem
1140 1721 1391 1766 subiectum
1421 1722 1641 1766 infinitivi

180 1790 228 1832 in
265 1790 516 1846 participiis
555 1790 922 1835 antecedentibus
961 1791 1072 1835 latet
1082 1807 1092 1845 ;
1140 1792 1188 1835 in
1226 1790 1378 1835 dativo
1417 1791 1641 1848 participii

181 1860 215 1911 I,
256 1859 354 1902 125:
396 1859 508 1913 ὅμως
553 1859 600 1907 δὲ
640 1860 1032 1916 καθισταμένοις
1066 1859 1120 1901 ὧν
1156 1858 1241 1901 ἔδει
1277 1860 1452 1904 ἐνιαυτὸς
1484 1859 1557 1915 μὲν
1596 1859 1642 1900 οὐ

180 1931 368 1984 ὃιετριῇθη,
400 1928 568 1970 ἔλασσον
591 1929 638 1969 δὲ
668 1931 750 1984 πρὶν
771 1930 955 1982 ἐσβαλεῖν
982 1930 1026 1975 ἐς
1043 1931 1108 1984 τὴν
1134 1930 1304 1985 Ἀττικήν
1312 1946 1323 1983 ;
1355 1945 1411 1973 ex
1431 1931 1642 1986 genetivo

181 1998 531 2055 depromendum
577 2005 652 2042 est
697 1999 760 2053 ΙΙ,
804 1997 870 2052 13,
921 1999 937 2042 1
981 2005 1027 2043 et
1064 2000 1126 2052 ΙΙ,
1165 1998 1234 2053 56,
1279 1999 1314 2043 ¹.
1382 1999 1471 2042 Vel
1509 2000 1643 2044 auda-

181 2069 360 2111 cissima
405 2073 474 2111 est
512 2073 741 2112 structura
787 2068 991 2112 locorum
1034 2069 1071 2122 1,
1111 2068 1180 2121 68,
1221 2068 1247 2111 2
1284 2074 1330 2111 et
1366 2068 1449 2121 VI,
1491 2068 1559 2122 76,
1606 2069 1642 2112 1.

181 2138 336 2194 Neque
376 2139 498 2182 enim
537 2138 790 2183 subiectum
827 2139 1048 2183 infinitivi
1088 2154 1144 2183 ex
1176 2139 1402 2183 sententia
1431 2139 1645 2195 primaria

181 2208 447 2250 sumendum
492 2214 575 2259 est,
622 2208 700 2250 sed
745 2223 801 2250 ex
853 2209 1099 2251 enuntiatis
1151 2207 1455 2250 subordinatis
1501 2208 1642 2262 iisque

181 2278 460 2322 infinitivum
499 2277 802 2333 sequentibus.
865 2276 920 2323 Si
949 2278 1139 2335 legimus
1170 2278 1235 2318 καὶ
1265 2276 1316 2319 δι’
1355 2276 1450 2319 αὐτὸ
1479 2276 1527 2318 οὐ
1559 2278 1641 2333 πρὶν

181 2347 354 2402 πάσχειν,
394 2346 476 2386 ἀλλ’
511 2346 643 2401 ἐπειδὴ
680 2347 720 2386 ἐν
761 2352 817 2401 τῷ
857 2346 965 2402 ἔργω
994 2346 1127 2401 ἐσμέν,
1163 2347 1256 2390 τοὺς
1284 2346 1513 2402 ξυμμάχους
1540 2361 1639 2401 παρ·-

182 2415 414 2464 εκαλέσατε,
452 2417 710 2460 infinitivus
750 2417 911 2472 πάσχειν
949 2416 1107 2460 eodem
1149 2431 1236 2472 quo
1274 2416 1559 2460 enuntiatum
1589 2415 1644 2459 ab

182 2484 315 2541 ἐπειδή
345 2486 565 2542 incipiens
598 2486 762 2529 nititur
797 2485 1011 2530 subiecto.
1073 2485 1197 2530 Haec
1235 2485 1433 2530 notionis
1472 2485 1642 2541 primae

184 2557 437 2599 communio
488 2556 705 2599 indicium
745 2565 813 2599 est
850 2557 962 2599 arcti
1010 2556 1196 2607 vinculi,
1258 2570 1345 2610 quo
1396 2555 1483 2598 duo
1535 2555 1644 2599 haee

183 2625 415 2668 enuntiata
460 2639 629 2668 conexa
674 2631 784 2668 sunt
827 2624 901 2676 (cf.
950 2639 1046 2681 pag.
1092 2624 1174 2676 15).
1252 2623 1463 2667 Liberius
1509 2624 1644 2668 etiam

302 2783 328 2827 l)
354 2782 409 2819 Cf.
434 2783 580 2819 Theod.
607 2783 911 2818 Forssmannium
943 2783 980 2818 in
1014 2782 1103 2819 diss.
1139 2783 1198 2827 ,de
1229 2782 1401 2819 infinitivi
1434 2785 1644 2827 temporum

183 2851 253 2877 usu
278 2840 550 2889 Thucydideo‘,
576 2841 728 2888 Lipsiae
754 2841 854 2887 1873,
879 2852 967 2888 pag.
991 2842 1039 2879 53
1063 2844 1102 2878 et
1127 2842 1180 2878 79.
