1836 3175
197 231 255 276 28

197 359 266 403 bis
309 361 588 403 enuntiatum
635 372 660 401 a
697 358 1008 402 coniunctione
1039 356 1147 400 ὅπως
1180 354 1376 412 pendens
1406 356 1642 411 praeeedit,

196 444 329 484 quam
360 430 453 484 Κυρ.
483 429 583 469 παιὸ.
603 427 659 479 V,
682 426 722 478 3,
753 426 810 470 40
831 426 1159 477 coniunctivus,
1191 425 1273 477 VI,
1296 422 1335 477 3,
1368 423 1393 466 7
1414 425 1643 479 optativus

197 500 410 554 sequitur.
472 496 751 540 Creberrime
782 497 865 550 πρίν
896 510 997 539 eum
1026 495 1256 539 infinitivo
1280 494 1566 537 coniunctum
1595 494 1645 537 in

195 567 376 623 periodo
414 565 707 609 condicionali
745 565 992 609 invenitur.
1062 564 1244 620 Septem
1276 563 1381 615 illis,
1421 564 1509 618 qui·
1527 563 1645 619 apud

195 636 538 691 Xenophontem
593 638 788 686 exstant,
832 634 943 677 loeis
986 634 1041 677 ad
1089 633 1291 690 protasin
1340 648 1387 676 se
1437 632 1643 689 applicat,

193 707 240 747 in
271 718 355 760 qun
396 704 464 745 bis
503 703 724 759 particula
763 704 801 743 εἰ
836 717 937 746 oum
974 703 1220 747 indicativo
1259 703 1401 746 futuri
1440 702 1644 759 copulata

194 774 311 825 (Ἑλλ.
342 773 448 824 VII,
488 771 529 824 3,
570 771 596 815 6
634 778 681 816 et
717 773 811 828 Κυρ.
850 774 952 814 παιδ.
992 773 1075 824 IV,
1108 772 1148 822 3,
1186 773 1271 825 Μ),
1303 773 1537 829 quinquies
1574 771 1644 812 ἐάν

192 844 287 886 sivo
332 841 376 897 ἥν
422 856 521 884 eum
560 842 850 886 coniunctivo
896 844 1149 886 consociata
1192 843 1416 898 reperitur
1462 841 1554 895 (Ἀν.
1585 842 1641 892 V,

191 912 229 964 6,
262 910 336 964 33;
368 912 475 963 VII,
507 910 547 963 3,
581 910 659 965 353
691 912 785 966 Kop.
807 913 908 953 παιδ.
929 913 1017 965 ΙΙΙ,
1049 911 1089 964 2,
1122 911 1169 964 4;
1200 912 1283 964 IV,
1316 913 1355 963 5,
1388 910 1463 964 31;
1490 910 1643 965 Ἀπομν.

190 982 276 1034 ΙΙΙ,
313 981 376 1033 11,
413 979 496 1032 13).
556 982 822 1025 Infinitivus
854 983 1010 1026 aoristi
1039 981 1242 1026 adhiberi
1272 982 1397 1024 solet.
1456 980 1645 1024 Duobus

189 1051 297 1093 locis
328 1051 494 1107 legitur
532 1053 780 1106 praesentis
819 1052 1076 1095 infinitivus
1110 1051 1219 1106 (Κυρ.
1251 1051 1353 1091 παιδ.
1384 1051 1466 1101 IV,
1498 1049 1538 1100 3,
1577 1050 1643 1094 14:

189 1120 374 1175 ἀκριβοῦν
410 1140 455 1156 =
491 1122 634 1175 σαφῶς
662 1120 817 1169 εἰδέναι,
850 1121 898 1165 vi
918 1120 1107 1177 quadam
1137 1120 1345 1163 aei-istiea
1374 1120 1644 1163 instructum

189 1197 234 1232 ct
259 1190 411 1244 Ἀπομν.
442 1191 531 1242 ΙΠ,
568 1190 632 1242 11,
668 1189 719 1233 13
751 1190 960 1245 ἐπιθυμεῖν,
999 1191 1078 1233 ubi
1107 1205 1164 1233 ne
1203 1190 1436 1233 exordium
1466 1189 1644 1245 quidem

188 1261 412 1315 appetitus
458 1260 746 1304 statuendum
798 1275 894 1304 esse
947 1260 1144 1304 indicare
1188 1260 1292 1303 vult
1339 1265 1506 1312 auctor,
1557 1274 1643 1315 quo

188 1330 368 1384 gravius
399 1330 621 1385 oppositio
651 1329 958 1385 κεκορεσμένοις
986 1330 1036 1370 δέ
1057 1329 1324 1373 illustretur.
1375 1330 1461 1372 His
1492 1330 1645 1386 agglu-

188 1399 372 1442 tinanda
392 1405 499 1443 sunt
519 1401 726 1456 exempla
746 1399 847 1452 duo,
879 1415 990 1456 quae
1012 1401 1049 1440 εἰ
1076 1414 1178 1443 oum
1199 1400 1402 1455 optativo
1429 1398 1645 1443 exhibent

188 1468 279 1520 (Ἀν.
311 1470 373 1522 ΙΙ,
413 1471 454 1522 5,
494 1470 521 1513 2
552 1477 598 1514 et
638 1470 718 1522 IV,
756 1473 792 1524 1,
826 1470 916 1523 21),
955 1470 1033 1514 ubi
1063 1470 1143 1514 illa
1170 1470 1391 1526 particula
1420 1470 1468 1513 vi
1503 1469 1644 1526 hypo·

189 1539 354 1582 thetica
384 1541 515 1595 priva
544 1541 776 1583 notionem
807 1540 1068 1597 experiendi
1098 1539 1243 1597 habet.

301 1608 503 1652 Maximo
535 1625 667 1665 opere
698 1611 929 1654 meditatio
976 1615 1128 1653 nostra
1158 1610 1383 1652 excitatur
1426 1609 1481 1651 iis
1517 1609 1639 1660 loeis,

185 1692 374 1732 quorum
434 1680 718 1722 enuntiatum
773 1679 1038 1735 primarium
1096 1678 1378 1735 negationem
1428 1678 1640 1721 eontinet.

185 1748 414 1802 Imprimis
435 1748 710 1804 seiungenda
739 1755 847 1792 sunt
875 1749 1082 1804 exempla
1105 1763 1167 1800 ea,
1199 1763 1387 1803 quorum
1419 1747 1642 1789 sententia

184 1816 396 1871 primaria
436 1818 640 1872 quamvis
667 1808 909 1874 *negatione
938 1818 1163 1861 instructa
1195 1817 1411 1869 videatur,
1456 1831 1505 1859 re
1535 1831 1642 1860 vera

185 1893 334 1929 tamen
383 1888 581 1930 notionis
613 1888 849 1944 negativae
880 1902 1039 1943 expers
1071 1896 1151 1930 est.
1211 1887 1387 1943 Ecquid
1431 1886 1518 1930 duo
1562 1886 1643 1929 illa

184 1955 416 1999 enuntiata
438 1954 540 1996 Ἕλλ.
571 1956 680 2009 VII,
712 1957 752 2009 5,
784 1955 839 2000 27
868 1962 913 2000 et
937 1955 1066 1997 Ἀπολ.
1095 1957 1228 2013 Σωκρ.
1255 1955 1374 2015 ξ24,
1406 1956 1459 2000 de
1480 1956 1640 2013 quibus

183 2025 313 2068 modo
344 2029 461 2082 (pag.
508 2026 582 2077 25)
628 2026 838 2079 diximus,
886 2028 981 2070 vim
1014 2027 1205 2083 negandi
1244 2027 1443 2070 habent?
1481 2027 1638 2076 Immo,

185 2094 333 2150 ellipsi
370 2096 579 2152 suppleta
609 2111 766 2140 sensus
797 2096 1097 2141 affirmativus
1129 2092 1286 2141 oritur.
1349 2096 1482 2151 Quid,
1524 2096 1641 2153 quod

184 2170 340 2218 quater
370 2166 485 2220 apud
510 2166 861 2221 Xenophontem
892 2167 1178 2209 enuntiatum
1208 2167 1472 2221 primarium
1502 2166 1641 2208 inter-

184 2234 428 2290 rogationis
452 2234 641 2280 formam
672 2235 852 2279 induit?
881 2236 994 2292 (Kup.
1025 2236 1128 2276 παιδ.
1159 2235 1242 2288 IV,
1273 2234 1313 2288 2,
1345 2236 1392 2289 5;
1424 2235 1480 2288 V,
1512 2234 1553 2286 4,
1584 2233 1640 2278 35

184 2308 229 2346 et
259 2301 334 2355 38;
376 2302 478 2343 Ἕλλ.
509 2304 591 2355 VI,
638 2303 677 2357 3,
724 2305 812 2361 15).
876 2305 968 2349 Sed
1004 2320 1161 2357 sensus
1201 2320 1376 2361 semper
1414 2310 1482 2347 est
1519 2304 1641 2347 affir-

185 2374 391 2417 mativus.
453 2373 601 2417 Multo
647 2389 756 2418 vero
794 2375 975 2418 maioris
1021 2375 1238 2418 momenti
1284 2380 1391 2418 sunt
1436 2374 1641 2430 exempla

184 2442 376 2497 quinque
409 2456 515 2486 vera
538 2444 776 2499 negatione
797 2445 1030 2496 instructa,
1062 2458 1252 2499 quorum
1272 2443 1359 2487 duo
1391 2443 1507 2498 (Kvp.
1538 2444 1639 2483 med.

184 2511 270 2562 ΙΙΙ,
317 2511 356 2564 2,
408 2512 459 2555 12
497 2518 543 2556 et
574 2511 677 2556 Ἕλλ.
724 2513 806 2566 VI,
859 2515 899 2566 5,
946 2512 1020 2565 23)
1064 2514 1257 2570 tempori
1302 2513 1638 2557 determinando

183 2580 450 2625 inserviunt.
515 2582 640 2636 Quin
672 2584 804 2626 etiam
837 2584 885 2626 in
908 2582 1211 2641 Gyropaediae
1242 2584 1339 2627 loeo
1370 2599 1507 2639 quum
1536 2584 1639 2627 infi-

183 2651 327 2694 nitivo
357 2652 405 2694 in
434 2652 566 2695 initio
596 2652 767 2708 periodi
799 2653 1027 2706 collocato,
1060 2660 1154 2697 tum
1178 2653 1458 2710 oppositione
1480 2652 1562 2694 ἐπεὶ
1591 2653 1642 2694 δέ

184 2721 428 2765 clarissime
458 2723 793 2766 demonstratur
823 2725 1052 2768 notionem
1094 2723 1388 2780 temporalem
1416 2724 1638 2780 imprimis

182 2791 414 2835 dominari.
474 2818 531 2823 —
565 2792 827 2849 Sequuntur
856 2800 948 2838 tres
974 2795 1061 2838 loci
1092 2794 1205 2848 (Kop.
1235 2794 1338 2834 παιδ.
1368 2793 1453 2847 IV,
1490 2791 1530 2845 3,
1565 2792 1637 2844 103

182 2862 313 2914 VIII,
364 2862 401 2915 1,
445 2861 522 2917 385
566 2864 687 2904 θῖκον.
732 2865 771 2915 4,
820 2864 906 2916 24),
947 2865 1024 2920 qui
1070 2864 1387 2920 Xenophontis
1428 2862 1636 2918 quiddam
