1836 3175
162 205 217 250 14

151 331 387 388 Ἀθηναίων)
407 347 500 377 11011
514 334 654 390 magis
673 334 905 386 causalem,
928 347 1061 389 quam
1076 332 1368 388 temporalem
1384 334 1613 377 notionem

156 403 306 446 valere
368 404 591 447 existimo.
673 402 902 446 Habemus
960 404 1099 460 igitur
1174 402 1362 445 eundem
1423 402 1613 446 duorum

155 472 489 515 enuntiatorum
541 486 817 525 concursum,
872 486 1003 528 quem
1053 471 1329 528 Thucydidis
1380 471 1612 527 proprium

155 555 251 584 esse
301 541 517 597 exemplis
562 541 983 585 demonstravimus.
1058 540 1295 585 Sententia
1343 554 1502 598 regens
1553 541 1609 583 ab

154 611 385 654 enuntiato
435 611 542 653 ὅπως
587 610 853 665 προφθάσωσι
902 610 1094 667 petenda
1143 616 1225 662 est,
1286 608 1406 665 quod
1453 623 1609 652 rursus

152 679 315 734 pendet
345 693 392 721 re
421 679 711 735 grammatica
747 679 874 723 salva
911 694 937 722 a
967 680 1117 723 verbis
1149 680 1374 723 enuntiati
1405 679 1609 735 primarii

151 747 363 799 ἐβούλοντο
401 750 572 788 πλεῦσαι.
640 750 707 792 At
745 754 931 805 quaerat
970 749 1205 805 quispiam,
1243 748 1382 805 quid?
1449 748 1608 791 Enun-

149 818 310 859 tiatum
347 818 480 860 finale
519 832 667 860 nonne
702 818 758 861 ad
801 820 1073 862 sententiam
1118 819 1342 862 enuntiati
1380 832 1481 862 cum
1525 820 1607 873 τςοίν

146 887 365 942 particula
395 888 637 931 consociati
669 889 811 931 solam
842 889 1069 945 pertinet?
1133 887 1306 943 Quodsi
1338 888 1470 931 etiam
1506 902 1606 931 cum

144 957 354 1012 genetivo
384 957 613 1013 participii
653 958 1016 1015 coniungendam
1048 972 1144 1001 esse
1175 959 1350 1010 statuis,
1381 958 1605 1001 rationem

145 1039 293 1081 nonne
324 1025 514 1081 logicam
547 1027 813 1070 conculcas?
863 1028 962 1084 Age
1003 1042 1108 1071 vero
1139 1041 1233 1070 rem
1260 1027 1602 1070 consideremus

145 1094 428 1151 Thucydides
474 1096 593 1139 enim
641 1096 749 1139 dum
794 1097 1078 1140 enuntiatum
1123 1097 1262 1153 prius,
1314 1096 1603 1153 participium

144 1165 410 1216 absolutum,
468 1166 722 1217 conscribit,
785 1167 903 1210 haud
955 1168 1046 1209 scio
1099 1182 1156 1209 an
1213 1167 1483 1209 sententiam
1539 1167 1604 1209 ita

144 1234 405 1277 concludere
471 1235 520 1278 in
589 1236 738 1278 animo
811 1235 1040 1289 habuerit,
1115 1242 1166 1279 ut
1235 1235 1402 1279 diceret
1471 1235 1605 1279 ὅπως

142 1304 540 1357 παραγένωνται.
603 1305 773 1348 Addito
805 1311 954 1348 autem
974 1306 1116 1348 altero
1139 1320 1240 1347 cum
1271 1306 1353 1357 πρίν
1380 1305 1601 1360 particula

141 1373 375 1417 enuntiato
420 1375 646 1418 sententia
689 1375 903 1431 primaria
951 1374 1132 1418 turbata
1180 1379 1312 1430 atque
1363 1373 1600 1417 obscurata

140 1448 222 1495 est,
269 1444 335 1486 ita
378 1449 430 1487 ut
477 1444 676 1487 clausula
720 1444 892 1500 periodi
948 1459 1028 1500 per
1071 1458 1255 1500 zeugma
1299 1445 1426 1486 fieret
1472 1443 1603 1486 ὅπως

140 1512 486 1567 προφθάσωσι.
553 1513 758 1556 Verbum
794 1515 915 1557 enim
946 1513 1211 1569 προφθάσωσι
1247 1513 1303 1556 ad
1332 1513 1598 1569 particulam

138 1583 221 1637 πρίν
267 1582 421 1634 solam,
469 1583 633 1638 quippe
684 1597 795 1638 quae
846 1582 966 1625 haud
1013 1583 1167 1638 procul
1220 1582 1350 1633 absit,
1401 1582 1597 1637 respicit.

138 1651 420 1695 Vertendum
469 1652 610 1708 igitur
670 1658 876 1695 nostrum
935 1652 1084 1695 locum
1143 1652 1228 1695 hoc
1277 1651 1407 1695 modo
1465 1656 1596 1707 puto:

137 1720 481 1762 Lacedaemonii
495 1722 616 1763 enim
629 1723 836 1777 protinus
855 1720 1099 1778 Corcyram
1113 1721 1326 1777 navigare
1341 1720 1595 1771 voluerunt,

137 1796 187 1833 ut
236 1790 345 1833 haec
395 1791 622 1847 expeditio
678 1793 820 1845 fieret,
872 1798 918 1835 et
967 1807 1105 1847 quum
1149 1791 1449 1834 Athenienses
1496 1805 1596 1833 cum

136 1860 369 1903 duodecim
414 1860 651 1904 dumtaxat
688 1861 879 1904 navibus
918 1860 974 1903 ad
1012 1860 1298 1916 Naupactum
1344 1866 1507 1910 essent,
1552 1870 1597 1901 et,

135 1937 374 1986 antequam
411 1931 579 1973 maiore
624 1932 809 1974 navium
855 1929 1147 1974 multitudine
1186 1929 1381 1972 Athenis
1427 1928 1595 1972 auxilio

135 2000 380 2044 venissent.

250 2069 523 2114 Simillimus
569 2076 638 2114 est
682 2071 797 2113 alius
845 2070 1092 2125 particulae
1137 2070 1220 2123 πρίν
1266 2083 1386 2120 usus,
1432 2068 1509 2123 qui
1546 2068 1593 2110 in

134 2139 305 2184 duobus
326 2146 583 2197 temporum
605 2140 762 2197 spatiis
787 2139 1096 2195 comparandis
1129 2139 1339 2182 cernitur.
1393 2138 1593 2181 Afferam

135 2211 213 2263 VI,
265 2212 330 2263 11,
382 2212 423 2253 1:
470 2211 633 2266 ἀνόητον
679 2209 715 2249 δ’
750 2209 809 2250 ἐπὶ
854 2208 1056 2253 τοιούτους
1091 2208 1186 2249 ι’έναε
1224 2207 1277 2248 ὧν
1319 2208 1523 2263 κρατήσας
1550 2222 1593 2248 τε

129 2280 183 2334 μὴ
212 2280 456 2336 κατασχήσει
485 2295 543 2323 τις
568 2280 633 2319 καὶ
660 2279 714 2334 μὴ
735 2280 992 2334 κατορθῶσαι
1018 2279 1071 2334 μὴ
1104 2278 1144 2319 ἐν
1173 2284 1229 2333 τῷ
1258 2279 1382 2333 ὁμοίῳ
1418 2278 1481 2318 καὶ
1512 2278 1594 2331 πρὶν

132 2348 370 2406 ἐπιχειρῆσαι
400 2347 524 2390 ἔσται.
581 2349 684 2392 Ηο0
704 2356 790 2393 est:
823 2349 894 2393 his
915 2349 1048 2392 rebus
1079 2348 1195 2391 male
1225 2349 1364 2404 gestis
1397 2362 1469 2390 res
1500 2361 1594 2389 non

132 2420 179 2461 in
230 2420 384 2462 eodem
434 2425 556 2462 statu
608 2419 707 2470 erit,
759 2434 846 2474 quo
897 2424 1001 2461 ante
1051 2423 1260 2461 conatum
1314 2417 1411 2468 (scl.
1465 2419 1590 2466 erat).

131 2489 321 2545 Ellipsis
379 2490 500 2533 enim
563 2488 875 2532 constituenda
934 2493 1015 2532 est.
1085 2487 1237 2530 Facile
1297 2486 1591 2543 perspicimus

132 2560 410 2604 infinitivum
455 2560 537 2615 πρὶν
575 2559 814 2615 ἐπιχειρῆσαι
851 2572 943 2600 non
982 2557 1175 2614 pendere
1214 2572 1240 2599 a
1276 2556 1428 2600 futuro
1468 2554 1590 2604 ἔσται,

132 2629 208 2671 sed
247 2644 273 2672 a
311 2630 553 2686 praeterito
590 2629 646 2685 ἦν,
690 2628 808 2684 quod
846 2643 902 2671 ex
934 2627 1013 2670 illo
1045 2627 1199 2669 futuro
1241 2625 1590 2682 depromendum

130 2705 210 2742 est.
275 2698 511 2743 Sententia
549 2700 587 2742 si
619 2704 714 2742 tota
743 2702 1107 2755 pertractaretur,
1149 2696 1232 2738 hoc
1273 2696 1405 2739 modo
1441 2697 1590 2752 expri-

129 2768 291 2812 menda
333 2775 445 2812 erat:
489 2770 542 2825 μὴ
583 2769 624 2809 ἐν
666 2776 722 2824 τῷ
758 2769 882 2823 ὁμοίῳ
919 2768 985 2807 καὶ
1030 2766 1070 2806 ἐν
1108 2765 1141 2823 ᾧ
1169 2766 1212 2822 ἦν
1243 2767 1325 2821 πρὶν
1355 2765 1593 2822 ἐπιχειρῆσαι

130 2836 254 2885 ἕσταζ,
1046 2856 1050 2860 ”
