1836 3175
207 198 261 244 18

201 325 494 381 restringitur
516 324 652 379 (anno
673 324 820 367 minus
841 323 1106 378 praeteriit).
1170 323 1325 377 Neque
1356 323 1499 379 magis
1530 324 1653 367 locus

207 394 285 446 VI,
337 393 406 445 97,
457 392 483 437 3
533 406 667 435 sensu
715 393 925 449 negativo
971 390 1199 446 praeditus
1250 396 1338 444 est3
1390 391 1541 432 στάδιοι
1584 392 1656 432 οὐκ

204 461 372 503 ἔλασσον
402 462 424 518 ἢ
454 462 567 502 πέντε
596 463 660 501 καὶ
704 460 827 501 εὔτοσι
856 460 974 503 idem
1020 460 1143 504 valet
1188 474 1238 503 ac
1268 459 1419 500 στάδιοι
1448 460 1562 501 πέντε
1591 462 1656 501 καὶ

202 532 345 573 εἴκοσιν
383 531 503 572 αὐτοί.
562 531 691 575 Nihil
729 529 966 574 dicendum
1003 534 1073 573 est
1103 529 1158 573 de
1196 529 1293 573 loco
1331 529 1419 582 ΙΙΙ,
1450 528 1521 581 94,
1551 529 1579 572 4
1609 530 1655 570 οὐ

197 602 369 657 χαλεπὸν
398 599 620 654 ἀπέφαινον,
651 601 734 654 πρὶν
764 599 1048 657 ξυμβοηθῆσαι,
1079 602 1411 654 καταστραφῆναι,
1447 600 1655 654 quoniam
1700 614 1707 621 ‘

201 671 246 711 οὐ
270 670 442 726 χαλεπόν
486 669 671 712 eandem
715 683 847 724 quam
873 667 1011 724 ῥᾴδιον
1047 670 1142 713 vim
1167 669 1313 714 habet.
1383 669 1453 712 De
1493 668 1653 724 ellipsi‚

200 754 285 795 qua
315 740 395 789 VI,
433 738 497 789 11,
534 739 551 779 1
587 737 829 781 affirmatio
859 745 1131 793 procreatur,
1175 739 1265 781 iam
1295 751 1430 794 supra
1459 737 1654 780 diximus

199 824 295 866 pag.
359 808 422 860 14,
484 806 561 850 ubi
613 807 748 851 etiam
805 808 1024 852 rationem
1083 808 1284 851 locorum
1328 808 1365 860 Ι,
1419 804 1488 859 39,
1543 806 1569 850 2
1610 812 1656 850 et

198 880 233 930 Ι,
258 877 326 931 68,
350 878 375 921 2
396 878 717 933 exposuimus.2
759 877 921 921 Restat
942 879 1066 921 locus
1088 877 1250 921 dubius
1271 877 1353 929 VI,
1377 876 1445 930 76,
1482 878 1499 920 1
1525 876 1571 916 οὐ
1591 877 1655 931 τὴν

196 949 395 1003 παροῦσαν
416 945 574 1001 δύναμιν
594 949 670 987 τῶν
693 944 903 1002 Ἀθηναίων
920 947 974 1003 μὴ
1005 947 1120 1002 αὐτὴν
1140 947 1423 1002 καταπλαγῆτε,
1454 947 1660 990 δείσαντε»-

197 1017 571 1071 ἐπςοεσβευσάμεθα,
603 1016 700 1056 ἀλλὰ
728 1017 873 1070 μᾶλλον
904 1017 996 1060 τοὺς·
1020 1016 1235 1070 μέλλοντας
1262 1014 1327 1056 ἀπ’
1349 1016 1475 1056 αὐτῶν
1505 1017 1654 1070 λόγους,

196 1087 278 1141 πρίν
319 1101 352 1126 τι
390 1087 455 1126 καὶ
491 1086 598 1141 ἡμῶν
643 1086 823 1134 ἀκοῦσαι,
867 1086 921 1141 μὴ
952 1086 1054 1141 ὑμᾶς
1081 1086 1275 1126 πείσωσιν.
1338 1084 1457 1129 Sunt
1487 1086 1563 1141 qui
1593 1086 1657 1129 ita

196 1156 435 1211 explicent,
468 1162 519 1199 ut
557 1156 815 1199 infinitivus
846 1157 931 1210 πρίν
961 1172 995 1195 τι
1025 1157 1193 1195 ἀκοῦσαι
1222 1155 1481 1198 referendus
1512 1155 1573 1198 sit
1602 1155 1656 1197 ad

199 1225 482 1269 enuntiatum
512 1225 775 1283 negativum
812 1226 867 1280 μή
898 1241 932 1266 τι
962 1226 1138 1266 πείσωσι.
1201 1223 1292 1269 Sed
1331 1225 1421 1268 iam
1450 1224 1658 1281 Krueger

196 1310 333 1350 quum
362 1300 562 1339 verteret
592 1295 677 1347 ,die
707 1310 799 1338 von
833 1295 972 1338 ihnen
1002 1295 1120 1338 noch
1150 1294 1290 1338 bevor
1323 1296 1397 1338 ihr
1427 1296 1541 1338 auch
1571 1310 1656 1339 uns

196 1364 441 1421 angehoert
479 1364 868 1422 vorzutragenden
898 1364 1089 1416 Worte‘,
1130 1371 1250 1408 reete
1285 1365 1514 1408 intellexit
1544 1365 1656 1408 illud

196 1435 279 1489 πρίν
309 1449 344 1474 τι
373 1434 540 1474 ἀκοῦσαι
570 1434 737 1477 arctius
766 1447 868 1477 oum
906 1433 999 1477 τοὺς
1028 1433 1243 1488 μέλλοντας
1271 1433 1327 1473 ἀπῗ
1363 1435 1490 1474 αὐτῶν
1520 1435 1660 1488 λόγους·

198 1502 559 1559 coniungendum
590 1517 698 1546 esse.
761 1503 1078 1546 Hermocrates
1104 1503 1237 1555 enim,
1272 1501 1656 1559 Syracusanorum

197 1573 386 1628 legatus,
424 1572 673 1615 orationem
703 1572 988 1628 ingressurus
1019 1572 1137 1628 apud
1173 1573 1427 1615 contionem
1458 1571 1656 1615 Camari-

195 1656 413 1686 naeorum
433 1641 543 1685 duas
565 1655 718 1685 causas
749 1642 986 1698 legationis
1008 1641 1192 1698 profert,
1230 1642 1418 1685 alteram
1449 1642 1655 1698 quamvis

194 1712 492 1763 manifestam,
524 1717 676 1755 tamen
706 1712 939 1764 minorem,
971 1712 1090 1767 quod
1121 1712 1471 1755 Atheniensium
1502 1712 1656 1755 classis

195 1787 373 1838 praesto
394 1781 467 1833 sit,
498 1781 685 1824 alteram
706 1782 913 1836 quamvis
937 1781 1280 1833 coniectaneam‚
1303 1787 1454 1824 tamen
1473 1781 1655 1838 gravius

194 1850 492 1901 metuendam,
520 1851 637 1905 quod
658 1850 1010 1893 Atheniensium
1041 1851 1178 1906 legati
1208 1851 1329 1906 ipsos
1357 1850 1655 1894 contionando

195 1924 482 1975 praevertere
511 1918 699 1975 possint.
759 1919 845 1961 His
876 1920 1020 1961 causis
1053 1919 1139 1962 duo
1163 1919 1359 1975 pericula
1383 1918 1654 1969 cfficiuntur,

195 2003 306 2043 quae
351 1988 522 2031 duobus
560 1989 807 2031 enuntiatis
847 1988 917 2042 (μὴ
951 1987 1072 2042 αὐτὴν
1102 1990 1371 2043 καταπλαγῆτε
1402 1993 1449 2031 et
1475 1988 1529 2042 μὴ
1560 1987 1660 2041 ὑμᾶς

195 2059 395 2108 πείσωσιν)
426 2072 451 2099 a
481 2057 718 2114 participio
750 2057 955 2100 δείσαντες
990 2057 1287 2113 pendentibus
1327 2057 1656 2113 exprimuntur.

196 2129 398 2185 Namque
442 2143 535 2170 non
578 2127 709 2170 modo
748 2126 1041 2169 metuendum
1078 2133 1187 2179 erat,
1237 2142 1293 2170 ne
1334 2127 1473 2169 classe
1516 2126 1657 2169 Athe-

197 2198 421 2242 niensium
472 2196 592 2241 haud
636 2196 795 2253 procul
846 2195 1029 2240 absente
1079 2197 1218 2240 animi
1265 2197 1657 2241 Gamarinaeorum

197 2269 356 2310 timore
402 2267 789 2324 perturbarentur,
843 2266 920 2307 scd
965 2267 1114 2321 potius
1158 2267 1407 2310 cavendum
1447 2271 1569 2318 erat,
1600 2280 1658 2308 ne

197 2337 547 2380 Atheniensium
567 2335 704 2391 legati
727 2335 973 2377 orationem
994 2336 1119 2391 prius
1143 2334 1439 2392 Syracusanis
1461 2335 1659 2386 habituri

197 2406 452 2461 eloquentia
496 2405 661 2448 blanda
705 2405 958 2447 animorum
1004 2405 1305 2448 conciliatrice
1344 2404 1657 2448 Camarinaeos

198 2473 282 2516 sibi
319 2476 462 2517 socios
502 2473 809 2530 adiungerent.
872 2473 1031 2529 Itaque
1070 2478 1123 2516 ut
1152 2473 1237 2516 hoc
1271 2479 1511 2529 utrumque
1541 2474 1657 2516 vita-

199 2549 334 2595 retur,
380 2558 512 2598 quam
552 2543 767 2586 citissime
798 2558 824 2585 a
857 2542 1153 2598 Syracusanis
1191 2544 1329 2600 legati
1367 2543 1493 2586 missi
1538 2548 1658 2586 sunt.

199 2613 298 2654 Tali
341 2613 471 2656 modo
523 2613 671 2655 locum
720 2613 1006 2668 interpretati
1056 2628 1145 2655 non
1198 2613 1344 2656 solum
1396 2612 1658 2655 continuum

198 2682 521 2724 sententiarum
552 2696 842 2738 progressum
874 2682 1148 2737 dispicimus,
1191 2683 1267 2726 sed
1298 2683 1434 2726 etiam
1465 2682 1659 2737 eleganti

198 2749 386 2805 quadam
417 2751 657 2794 verborum
689 2751 992 2795 concinnitate
1022 2751 1307 2795 delectamur.
1365 2750 1486 2810 Sunt
1510 2755 1659 2793 autem

198 2822 236 2859 υἱ
271 2820 481 2875 μέλλοντες
516 2819 571 2861 απ’
616 2820 743 2861 αὐτῶν
789 2821 896 2875 λόγοι
943 2822 1167 2864 orationes
1214 2821 1269 2864 ab
1309 2819 1660 2864 Atheniensium
