1836 3175
193 185 250 231 58

195 313 421 357 interdum
461 312 679 369 particula
709 310 755 351 ἄν
785 311 909 354 deest
939 311 1079 362 (Οἰκον.
1116 309 1184 362 12,
1216 309 1234 352 1
1268 315 1316 354 et
1344 310 1483 367 Κυνηγ.
1514 309 1554 363 3,
1586 308 1644 363 6),

193 382 239 426 id
268 381 389 438 quod·
421 382 469 425 in
507 381 634 424 libris
674 379 916 422 maioribus
947 392 1191 434 numquam
1221 380 1429 423 occurrit.
1491 380 1645 436 Neque

192 448 578 507 praetermittendi
608 453 715 491 sunt
744 447 831 491 loci
861 447 948 491 duo
979 446 1156 502 (Ἀπομν.
1187 447 1270 499 IV,
1309 446 1350 499 4,
1382 446 1409 491 9
1447 454 1494 493 et
1523 450 1644 490 Οἰκον.

194 519 232 571 7,
276 518 315 570 7,
357 532 545 574 quorum
573 517 698 559 alter
736 523 841 560 ante
883 517 1235 568 coniuucffivum,
1281 517 1398 559 alter
1433 524 1538 561 ante
1577 519 1646 561 in-

192 588 435 632 dicativum
479 587 563 641 rgoe‘v
598 601 647 640 γε
690 585 879 631 exhibet
885 602 897 640 ;
936 601 1048 642 quae
1094 586 1288 631 formula
1330 585 1448 643 apud
1492 601 1656 638 omnes,

192 657 447 699 Atticorum
492 656 754 711 scriptores.
778 655 1006 711 pedestres
1053 656 1267 707 inaudita,
1313 670 1339 698 a
1385 655 1646 711 Thucydide

192 725 258 767 bis
290 729 461 767 tantum
494 724 540 766 in
576 724 769 767 formula
806 726 890 779 πρίν
927 739 975 777 γε
1013 725 1063 779 δή
1103 730 1319 781 usurpata
1358 738 1382 767 e
1419 723 1648 780 tragoedia

190 793 375 835 fluxisse
425 792 617 836 videtur.
701 792 854 847 Quum
904 798 1054 837 autem
1102 794 1349 850 singularia
1398 793 1507 836 haec
1553 807 1647 837 non

189 866 420 918 tantopere
468 862 661 914 valeant,
707 868 760 906 ut
803 863 854 906 in
897 862 1163 907 universum
1206 862 1474 907 concludere
1516 863 1646 907 nobis

187 932 333 984 liceat,
373 946 599 988 quumque
629 933 850 976 nonnulli
890 933 1211 984 commentarii,
1252 933 1381 976 velut
1415 933 1491 988 qui
1521 933 1645 988 πόροι,

188 999 509 1055 Λακεδαιμονίων
558 1002 741 1049 πολιτεία,
799 1002 989 1056 ἀπολογία
1029 1003 1281 1058 ,Σωκράτους
1326 1002 1645 1053 inscribuntur,

187 1075 373 1125 propter
402 1058 601 1126 inopiam
641 1071 952 1127 exemplorum
989 1072 1162 1114 nullam
1193 1071 1322 1114 nobis
1362 1071 1648 1127 suppeditent

189 1137 463 1182 diiudicandi
499 1140 746 1192 materiem,
789 1139 1005 1183 iudicium
1051 1140 1104 1183 de
1150 1139 1386 1183 authentia
1429 1139 1647 1183 librorum

188 1209 415 1252 minorum
445 1208 563 1252 ferre
594 1224 687 1252 non
717 1209 871 1253 audeo.

305 1277 544 1322 Postremo
564 1278 663 1322 loco
684 1278 845 1334 quibus
866 1278 999 1322 rebus
1022 1278 1305 1335 Thucydides
1327 1284 1384 1321 et*
1392 1278 1647 1335 Xenophon

187 1347 236 1389 in
267 1348 350 1402 rqoc'v
380 1348 602 1403 particula
632 1348 934 1391 construenda
961 1348 1082 1391 inter
1112 1362 1159 1390 se
1190 1353 1451 1403 congruant,
1488 1347 1647 1402 quibus

189 1416 457 1474 discrepent,
516 1417 645 1462 brevi
704 1416 1091 1475 comprehendam.
1172 1415 1417 1461 Oratorum
1474 1430 1648 1472 quoque

190 1487 449 1529 Atticorum
488 1501 633 1538 usum,
675 1488 820 1542 qualis
860 1488 909 1530 in
949 1486 1137 1530 Luethii
1172 1486 1484 1529 dissertatione
1522 1500 1647 1528 accu-

189 1556 332 1599 ratius
361 1554 612 1612 descriptus
644 1562 726 1608 est,
758 1557 807 1599 in
836 1555 1215 1612 comparationem
1246 1553 1429 1607 vocabo,
1460 1560 1512 1597 ut
1541 1568 1648 1609 quo-

188 1624 320 1667 modo
337 1625 560 1667 vetustior
577 1626 838 1668 Atticorum
855 1625 998 1667 oratio
1014 1623 1235 1679 pedestris
1251 1623 1366 1666 hanc
1382 1624 1647 1678 particulam

188 1692 456 1745 adhibuerit,
488 1695 711 1749 appareat.

301 1763 339 1806 Ι.
386 1762 457 1805 De
492 1763 713 1807 infinitivi
752 1762 1020 1818 particulam
1064 1763 1147 1816 τςοίν
1192 1761 1419 1816 sequentis
1460 1774 1545 1803 usu
1584 1760 1647 1803 sic

188 1837 358 1876 statuo:

280 1902 322 1952 1)
364 1901 649 1957 Thucydides
683 1902 962 1945 infinitivum
1000 1902 1202 1957 sexagies
1233 1900 1397 1956 septies
1428 1898 1646 1951 adhibuit,

363 1985 453 2013 uno
499 1975 545 2013 et
588 1971 883 2027 quadraginta
926 1969 1037 2014 locis
1085 1970 1254 2023 aoristi,
1300 1968 1493 2013 sedecim
1536 1968 1647 2012 locis

363 2040 626 2096 praesentis,
667 2054 857 2096 quorum
896 2054 974 2083 sex
1010 2039 1149 2084 verba
1184 2038 1509 2096 proficiscendi,
1556 2043 1646 2081 tres

362 2109 645 2153 infinitivum
682 2109 789 2158 εἶναι,
827 2125 943 2154 unus
988 2110 1269 2154 infinitivum
1303 2108 1408 2163 ἥκειν
1451 2106 1645 2164 praebet.

364 2177 409 2222 N
410 2178 561 2223 ctione
592 2178 735 2223 futuri
765 2178 1055 2223 antecedente
1086 2184 1178 2223 tres
1210 2183 1388 2222 tantum
1408 2183 1649 2222 occurrunt

363 2249 612 2304 praesentis
659 2249 880 2293 infinitivi
932 2247 1067 2305 (ἔχειν,
1111 2248 1228 2303 ἥκειν,
1273 2247 1453 2298 ἐκπλεῖν).
1526 2247 1645 2289 Item

365 2317 647 2361 enuntiatum
678 2319 953 2376 negativum,
986 2317 1104 2375 quod
1134 2317 1280 2361 sexies
1311 2315 1547 2369 antecedit,
1579 2321 1649 2360 ter

365 2387 569 2442 sequitur
588 2389 837 2443 praesentis
853 2389 1123 2432 infinitivus.
1155 2386 1437 2430 Vocabulum
1457 2386 1648 2442 πρότερον
1701 2430 1707 2436 ,

364 2462 469 2500 ante
495 2456 777 2502 infinitivum
798 2472 889 2501 non
911 2458 1157 2511 invenitur,
1188 2458 1277 2502 nisi
1297 2462 1509 2515 quattuor
1538 2456 1647 2501 locis

364 2541 466 2570 cum
496 2525 853 2582 37'.coniunctum,
885 2542 909 2571 e
939 2528 1101 2583 quibus
1132 2542 1248 2572 unus
1287 2533 1356 2571 est
1396 2527 1647 2585 negativus.

276 2596 321 2647 2)
369 2597 628 2653 Xenophon
667 2597 948 2641 infinitivum
985 2598 1153 2641 centies
1192 2598 1356 2654 septies
1397 2596 1647 2653 usurpavit,

366 2671 524 2721 quater
553 2671 599 2708 et
628 2667 881 2722 septuagies
913 2667 1082 2719 aoristi,
1114 2666 1252 2709 semel
1281 2671 1328 2708 et
1351 2666 1503 2708 tricies
1523 2679 1649 2721 prae-

363 2735 504 2778 sentis
545 2739 649 2790 (quo
689 2736 738 2778 in
775 2750 961 2778 numero
1000 2736 1164 2792 septies
1197 2735 1304 2783 εἶναι,
1344 2734 1482 2778 semel
1512 2733 1647 2788 ἥκειν),

365 2804 434 2848 bis
494 2805 694 2860 perfecti.
771 2805 1013 2848 Notionem
1073 2805 1214 2848 futuri
1267 2802 1501 2847 duodecies
1560 2802 1647 2843 iam
