1836 3175
1589 188 1641 232 17

197 316 289 359 fere
319 316 467 360 omnia
496 315 551 360 ad
579 315 698 359 idem
717 313 898 357 schema
917 311 1191 355 conformata
1219 317 1338 365 sunt,
1369 312 1486 367 quod
1504 313 1641 357 latine

197 385 281 428 hoc
316 386 445 429 modo
490 382 830 440 exprimendum
868 395 964 424 esse
1003 380 1216 424 arbitror:
1256 380 1340 424 hoc
1378 387 1642 426 eventurum

198 455 314 510 volo,
355 461 593 512 antequam
630 452 744 497 illud
787 451 955 495 factum
991 450 1065 494 sit.
1125 449 1229 493 Non
1266 450 1499 503 terminus,
1539 457 1643 495 ante

197 540 326 580 quem
346 527 462 569 actio
484 523 707 567 enuntiati
726 520 930 577 primarii
949 520 1042 571 fiat,
1067 520 1301 573 statuitur3
1327 520 1644 576 gravissimum

196 601 265 638 est
310 594 547 638 consilium
588 593 684 635 sive
730 605 830 647 spes
862 589 1050 634 subiecti
1080 589 1175 633 fore
1207 595 1257 633 ut
1287 590 1403 633 actio
1433 589 1645 646 primaria

196 663 465 719 perficiatur,
512 665 749 715 antequam
793 659 1054 702 secundaria
1095 660 1304 702 incohata
1342 660 1415 702 sit.
1478 658 1548 702 Of.
1581 660 1643 710 ΙΙ,

194 731 264 784 86,
296 730 341 774 6;
385 730 620 783 βουλόμενοι
657 728 698 768 ἐν
735 729 845 784 τάχει
884 729 948 784 τὴν
984 730 1196 784 ναυμαχίαν
1226 731 1377 783 ποιῆσαι
1406 730 1488 783 πρίν
1519 744 1552 768 τι
1580 730 1645 769 καὶ

195 801 270 841 ἀπὸ
301 802 376 839 τῶν
401 798 615 854 Ἀθηναίων
646 797 902 852 ἐπιβοηθῆσαι
932 815 984 834 =
1013 812 1148 853 quum
1180 798 1393 840 citissime
1424 798 1645 853 proelium

196 869 354 913 navale
399 868 677 912 committere
714 868 899 920 vellent,
941 868 1197 924 priusquam
1242 868 1377 911 etiam
1415 869 1467 911 ab
1506 869 1644 912 Athe-

195 937 425 981 niensibus
456 936 705 980 subsidium
742 936 1010 981 advenisset.
1061 937 1328 981 Infinitivus
1359 936 1441 980 sub
1473 937 1645 981 dicione

195 1006 478 1063 cogitationis
538 1007 808 1050 dominantis
869 1013 951 1052 est.
1034 1006 1205 1052 Contra
1263 1009 1302 1051 si
1361 1008 1644 1065 Thucydides

193 1076 463 1131 scripsisset:
517 1077 580 1131 τὴν
633 1079 845 1133 ναυμαχίαν
899 1077 1081 1133 ἐποίησαν
1135 1080 1218 1134 πρίν
1263 1094 1297 1118 τε
1340 1080 1404 1118 καὶ
1449 1079 1524 1118 ἀπὸ
1570 1081 1645 1119 τῶν

136 1195 139 1198 ι
196 1144 403 1201 Ἀθηναίων
456 1144 727 1201 ἐπιβοηθῆσαι,
786 1147 1042 1191 infinitivus
1103 1146 1335 1191 dominatu
1395 1149 1644 1191 sententiae

193 1216 429 1271 primariae
444 1216 659 1258 liberatus
676 1217 890 1272 temporis
907 1217 1270 1259 determinationi
1286 1217 1372 1259 soli
1387 1218 1643 1260 inserviret.

193 1286 449 1340 Antequam
493 1285 609 1329 hanc
653 1285 978 1330 dissertationis
1023 1292 1197 1353 partem
1238 1286 1512 1340 concludam,
1559 1287 1645 1330 duo

193 1354 398 1409 exempla
418 1355 801 1398 commemoranda
822 1361 939 1408 sunt,
970 1357 1016 1401 in
1040 1356 1199 1411 quibus
1220 1357 1476 1400 infinitivus
1508 1371 1533 1398 a
1563 1359 1646 1411 πρίν

192 1424 413 1480 particula
455 1424 652 1482 pendens
695 1424 876 1480 periodo
928 1424 1222 1469 condicionali
1268 1426 1532 1469 subiunctus
1577 1432 1646 1470 est

193 1494 276 1545 IV,
299 1492 367 1545 69,
394 1494 436 1536 l:
469 1495 698 1548 νομζοντες,
722 1495 758 1533 εἶ
775 1496 857 1549 πρὶν
878 1494 1137 1550 ἐπιβοηθῆσαι
1160 1497 1263 1540 τινὰς
1281 1495 1462 1542 ἐξέλοιεν,
1495 1496 1646 1535 θᾶσσον

192 1562 237 1603 ἂν
267 1563 332 1603 καὶ
361 1562 410 1604 τὰ
440 1563 606 1620 Μέγαρα
635 1568 926 1621 προσχωρῆσαι,
957 1572 1002 1610 et
1031 1566 1114 1619 VI,
1147 1565 1216 1619 49,
1249 1565 1293 1609 2;
1335 1563 1377 1620 ἢν
1408 1564 1454 1605 δὲ
1478 1566 1644 1622 χρονίσῃ

189 1634 271 1688 πρὶν
303 1632 344 1677 ἐς·
372 1632 459 1688 ὄψιν
489 1633 627 1682 ἐλθεῖν,
658 1640 705 1691 τῇ
733 1635 865 1691 γνώμῃ
896 1636 1219 1692 ἀναθαρσοῢντας
1247 1635 1481 1690 ἀνθρώπους
1507 1637 1571 1676 καὶ
1601 1641 1645 1691 τῇ

190 1703 281 1759 ὄφει
296 1709 558 1760 καταφρονεῖν
571 1705 728 1759 μᾶλλον.
759 1704 963 1761 Utroque
979 1706 1078 1749 loco
1099 1706 1355 1749 infinitivus
1372 1704 1426 1748 ad
1442 1705 1646 1761 protasin

189 1774 399 1830 pertinet.
483 1772 710 1818 Circuitus
762 1774 976 1817 orationis
1034 1780 1188 1818 utrum
1238 1775 1298 1817 sit
1348 1775 1538 1831 simplex
1590 1789 1646 1817 an

192 1844 477 1901 compositus,
509 1844 564 1888 ad
594 1843 873 1888 infinitivum
903 1844 1020 1888 nihil
1051 1844 1185 1889 valet.

305 1914 549 1969 Hucusque
587 1914 641 1956 de
678 1914 734 1956 iis
774 1919 949 1957 tantum
987 1914 1096 1958 locis
1136 1914 1335 1970 quaestio
1375 1914 1504 1956 nobis
1537 1923 1645 1966 erat,

191 1997 380 2042 quorum
421 1984 704 2027 enuntiatum
743 1984 1006 2040 primarium
1045 1999 1150 2029 vera
1183 1984 1419 2041 negatione
1450 1983 1647 2028 carebat.

190 2053 466 2112 Accedam-us
512 2054 600 2097 iam
640 2053 695 2097 ad
733 2068 805 2097 eas
851 2055 933 2109 πρίν
977 2054 1222 2111 particulae
1273 2068 1374 2097 cum
1417 2054 1646 2097 infinitivo

191 2129 451 2176 structuras,
512 2139 700 2179 quarum
760 2125 1009 2168 sententiae
1067 2125 1305 2180 primariae
1365 2138 1474 2168 vera
1530 2125 1650 2167 inest

191 2193 382 2250 negandi
412 2194 495 2238 vis.
559 2193 610 2238 Si
641 2194 849 2238 Proksch
868 2194 898 2249 ¹)
930 2194 978 2237 in
1011 2194 1247 2238 sententiis
1277 2193 1501 2251 negativis
1532 2192 1650 2250 apud

192 2263 497 2318 Thucydidem
547 2265 830 2307 infinitivum
883 2279 909 2306 a
959 2265 1041 2318 πρίν
1100 2262 1321 2318 particula
1349 2276 1354 2281 ·
1381 2263 1649 2318 pendentem

191 2336 368 2376 exstare
417 2348 601 2389 prorsus
652 2339 797 2390 negat,
849 2347 1008 2377 vereor
1055 2337 1108 2375 ut
1157 2330 1335 2388 singula
1394 2331 1645 2375 accuratius

190 2396 450 2457 inspexerit.
513 2403 680 2447 Decem
710 2418 816 2446 sane
847 2408 1088 2447 occurrunt
1117 2403 1218 2454 loci,
1254 2403 1331 2457 qui
1363 2403 1649 2459 negationem

191 2470 370 2515 habent.
424 2471 515 2517 Sed
541 2479 744 2517 accurate
777 2473 1142 2531 distinguendum
1175 2477 1258 2525 cst,
1289 2477 1442 2515 utrum
1473 2473 1649 2529 negatio

150 2598 152 2601 ·
192 2540 252 2582 sit
274 2556 380 2583 vera
406 2548 537 2598 atque
567 2549 733 2599 aperta,
765 2559 821 2587 an
852 2544 1026 2587 occulta
1056 2549 1188 2598 atque
1219 2547 1350 2586 tecta.
1412 2540 1463 2584 si
1484 2541 1650 2597 legitur

192 2609 228 2661 I,
264 2608 344 2653 125
391 2610 566 2657 ἐνιαυτὸς·
604 2612 678 2668 μὲν
724 2613 769 2654 οὐ
815 2614 1002 2669 διετρίβη,
1049 2610 1217 2653 ἔλασσον
1248 2610 1295 2653 δὲ
1338 2611 1422 2666 πρὶν
1453 2610 1648 2663 ἐσβαλεῖν,

192 2694 349 2722 sensus
378 2683 570 2725 omnino
608 2689 677 2727 est
706 2684 1026 2736 affirmativus;
1074 2697 1162 2726 una
1201 2697 1289 2726 vox
1323 2680 1646 2737 quodammodo

312 2828 338 2875 l)
364 2827 408 2865 N.
433 2828 532 2866 Jbb..
548 2829 573 2867 f.
598 2830 691 2869 Phil.
717 2843 751 2868 u.
778 2832 893 2868 Paed.
921 2833 1040 2879 (1877)
1065 2843 1153 2879 pag.
1178 2832 1259 2869 454.
