1836 3175
1598 242 1600 245 ·
1626 219 1682 264 45

234 349 355 392 caret
396 364 538 406 neque
586 355 673 394 tam
723 351 926 395 celeriter
969 349 1210 403 narrantis,
1264 362 1397 405 quam
1441 347 1682 403 tranquille

235 419 576 476 contemplantis
607 426 687 464 est.
747 421 871 465 Haec
900 421 1040 477 igitur
1069 419 1204 462 dictio
1235 419 1345 461 locis
1377 417 1682 460 deliberativis

233 487 380 542 potius
438 490 660 533 convenit.
730 490 869 534 Bono.
902 489 1031 533 nobis
1076 488 1298 545 contingit
1328 501 1444 539 casu,
1477 492 1528 529 ut
1572 485 1682 529 duos

233 557 350 612 apud
381 557 687 613 Thucydidem
725 558 844 601 locos
882 558 1134 610 habeamus,
1176 557 1254 612 qui
1295 561 1347 599 ut
1376 555 1607 599 vocabulis
1638 560 1684 596 et

233 626 377 670 forma
406 627 587 679 similes,
618 627 684 670 ita
712 627 845 671 huius
867 632 1118 671 structurae
1139 626 1398 671 diversitate
1418 624 1683 682 segregandi

234 702 350 739 sunt.
413 697 603 754 Legitur
631 696 688 748 V,
731 696 797 749 10,
828 696 875 740 9:
924 697 969 736 οὐ
1006 698 1196 752 πρότερον
1232 687 1433 743 ἐνέδοσαν,
1473 697 1555 750 πρὶν
1584 696 1614 750 ἦ
1638 711 1683 735 τε

235 766 417 820 Μυρκινία
445 767 510 806 καὶ
539 766 787 820 ἣΧαλκιδικὴ
817 767 926 810 ἵππος
951 767 1016 806 καὶ
1045 767 1082 805 οἱ
1106 766 1313 805 πελτασταὶ
1342 766 1592 820 περιστάντες
1617 767 1683 806 καὶ

234 834 550 882 ἐσακοντίζοντες
577 834 718 878 αὐτοὺς·
747 832 917 891 ἔτρεψαν
926 850 937 888 ;
976 848 1165 890 (1110011111
1203 841 1483 891 comparetur
1518 837 1580 888 II,
1613 835 1681 888 65,

237 904 307 947 12:
350 905 395 945 οὐ
432 906 623 960 πρότερον
659 904 860 957 ἐνέδοσαν,
902 904 925 959 ἢ
963 904 1072 945 αὐτοὶ
1116 904 1156 945 ἐν
1201 906 1309 959 σφίσι
1350 905 1414 944 καὶ
1453 908 1537 949 ταῖς
1574 904 1683 948 ἰδίαις

234 973 444 1029 διαφοραῖς
470 974 747 1029 περιπεσόντες
764 973 1003 1028 ἐσφάλησαν.
1063 974 1222 1016 Priore
1241 974 1338 1016 loco
1359 976 1474 1017 actio
1501 976 1685 1031 fugandi

235 1045 459 1101 extemplo
491 1044 545 1087 ad
567 1044 773 1087 effectum
795 1044 922 1087 venit
941 1049 988 1086 et
1007 1033 1206 1087 narratio⁴
1225 1058 1272 1087 se
1293 1044 1432 1088 vertit
1453 1044 1507 1087 ad
1534 1043 1682 1100 fugam

235 1113 589 1157 describendam:
622 1113 726 1154 οὕτω
758 1113 805 1153 δὲ
836 1113 880 1152 τὺ
911 1113 1137 1168 στράτευμα
1165 1116 1237 1153 πᾶν
1266 1112 1338 1168 ἤδη
1368 1116 1445 1153 τῶν
1477 1113 1685 1169 Ἀθηναίων

235 1184 356 1237 φυγὰν
387 1185 466 1223 κτλ.
528 1183 686 1226 Altero
717 1184 813 1226 1000
844 1182 1014 1226 nullam
1035 1183 1249 1227 habemus
1280 1198 1428 1227 rerum
1459 1189 1686 1240 gestarum

235 1254 548 1311 narrationem,
595 1253 671 1295 sed
716 1267 827 1307 quae
866 1252 1147 1308 Thucydides
1185 1254 1281 1308 ipse
1318 1253 1372 1295 de
1410 1253 1600 1296 Periclis
1637 1254 1686 1296 in

235 1336 328 1364 rem
365 1321 590 1377 publicam
625 1322 800 1364 meritis
843 1327 888 1363 et
927 1321 979 1363 de
1018 1322 1173 1376 populi
1203 1322 1496 1365 Atheniensis
1536 1323 1685 1365 indole

234 1405 285 1434 ac
330 1391 489 1434 robore
526 1390 707 1444 iudicat,
745 1391 980 1446 eloquitur.
1053 1389 1293 1433 Concludit
1337 1391 1525 1446 denique
1570 1391 1686 1434 hanc

235 1461 622 1505 ratiocinationem
661 1460 732 1504 his
769 1460 939 1504 verbis:
986 1459 1031 1499 οὐ
1069 1460 1260 1515 πρότερον
1298 1460 1500 1508 ἐνέδοσαν,
1546 1459 1568 1515 ἢ
1605 1463 1684 1501 κτλ.

235 1531 408 1575 Eodem
443 1530 574 1574 modo
614 1531 747 1574 etiam
778 1530 912 1584 VIII,
944 1529 1014 1581 24,
1047 1530 1087 1582 5,
1126 1545 1262 1586 (11111111
1293 1530 1436 1586 qualis
1468 1529 1685 1575 Chiorum

190 1597 192 1599 ’
235 1601 371 1645 fuerit
387 1606 489 1644 ante
511 1601 803 1644 defectionem
825 1600 1024 1644 condicio
1046 1600 1335 1650 describatur,
1358 1602 1471 1643 ratio
1490 1606 1685 1645 contem-

234 1672 405 1728 plativa
448 1671 677 1727 praevalet
720 1672 803 1723 (καέ
846 1668 929 1710 οὐδ’
974 1669 1088 1724 αὐτὴν
1133 1669 1197 1724 τὴν
1242 1670 1451 1710 ἀπόστασιν
1494 1671 1685 1726 πρότερον

226 1740 450 1795 ἐτόλμησαν
494 1740 729 1795 ποιήσασθαι
773 1739 795 1794 ἢ
836 1741 940 1794 μετὰ
983 1741 1129 1779 πολλῶν
1173 1754 1217 1779 τε
1261 1740 1424 1793 ἀγαθῶν
1474 1739 1685 1797 ξυμμάχων

235 1809 395 1865 ἔμελλον
426 1809 785 1865 ξυγκινδυνεύσειν).

351 1881 447 1922 Iam
493 1894 613 1923 nunc
656 1879 943 1934 pervenimus
988 1879 1043 1921 ad
1087 1878 1133 1920 id
1179 1879 1485 1934 exemplorum
1529 1894 1684 1936 genuS,

236 1949 354 2003 quod
400 1949 455 1992 ad
500 1955 676 2005 tempus
723 1949 926 1991 futurum
964 1947 1172 2004 pertinet.
1240 1948 1295 1990 In
1341 1949 1572 1992 enuntiato
1618 1964 1687 1992 se-

237 2018 446 2062 cundario
485 2024 635 2062 exstat
673 2019 984 2061 coniunctivus
1030 2018 1126 2060 sive
1162 2018 1403 2073 optativus,
1440 2009 1525 2073 11111
1570 2019 1687 2075 apud

237 2089 545 2145 Thucydidem
565 2095 635 2132 ter
656 2089 812 2140 decies,
845 2102 931 2144 quo
961 2088 1009 2130 in
1029 2101 1215 2130 numero
1236 2086 1323 2130 duo
1354 2094 1460 2132 sunt
1480 2089 1685 2145 optativi,

237 2157 519 2201 adhibentur.
596 2157 881 2201 Sententiam
929 2157 1188 2212 primariam
1233 2171 1407 2212 semper
1451 2160 1687 2214 negatione

235 2227 482 2283 praeditam
529 2242 625 2270 esse
666 2228 754 2270 iam
806 2226 974 2269 dudum
1027 2225 1116 2269 viri
1169 2225 1289 2270 docti
1341 2226 1647 2271 observarunt.
1659 2228 1686 2279 ¹)

238 2295 324 2339 Oui
344 2297 522 2353 regulae
542 2311 598 2339 ne
621 2296 903 2353 Thucydides
925 2296 1100 2352 quidem
1130 2296 1405 2340 adversatur.
1467 2297 1688 2340 Perverse

237 2366 356 2408 enim
386 2380 411 2408 a
431 2366 683 2409 Prokschio
702 2366 734 2417 2)
766 2367 862 2409 loco
886 2365 966 2417 VI,
989 2364 1057 2417 38,
1080 2365 1107 2407 2
1136 2366 1405 2408 sententiam
1426 2366 1687 2410 antecedere

237 2435 555 2478 affirmativam
578 2436 874 2479 contenditur.
937 2437 1085 2479 Locus
1108 2436 1268 2491 dignus
1290 2442 1370 2486 est,
1394 2450 1525 2490 quem
1545 2436 1687 2478 fusius

238 2504 561 2547 exscribamus:
584 2505 648 2544 καὶ
671 2504 832 2545 δέδοικα
859 2505 1003 2560 μέντοι,
1032 2506 1086 2560 μή
1117 2520 1210 2546 ποτε
1241 2506 1359 2545 πολλὰ
1389 2508 1599 2560 πειρῶντες
1625 2506 1688 2544 καὶ

237 2575 558 2630 κατορθώσωσιν·
611 2575 721 2628 ἡμεῖς
778 2575 824 2615 δὲ
873 2577 998 2622 κακοί,
1060 2576 1140 2630 πρὶν
1191 2575 1231 2615 ἐν
1281 2582 1337 2630 τῷ
1384 2574 1520 2615 παθεῖν
1569 2573 1686 2629 ὦμεν,

356 2747 382 2791 l)
417 2746 471 2783 Cf.
505 2748 631 2784 Elmsl.
663 2748 712 2784 ad
748 2749 833 2784 Eur.
869 2748 965 2784 Med.
999 2759 1034 2783 v.
1071 2748 1158 2794 2153
1193 2746 1428 2793 Bernhardy,
1460 2744 1685 2782 Wissensch.

240 2806 344 2852 Synt.
368 2814 456 2849 pag.
481 2804 560 2840 400.

356 2862 383 2907 2)
408 2861 591 2906 Proksch,
617 2863 639 2897 l.
665 2863 686 2897 l.
712 2873 800 2908 pag.
825 2863 904 2898 456.
