1836 3175
212 189 270 234 52

331 315 459 370 Quae
495 329 630 372 quum
662 316 727 358 ita
761 312 867 365 sint,
906 311 1117 367 quoniam
1145 314 1304 366 poetae
1332 311 1592 369 Atticorum
1621 316 1669 356 et

211 385 346 442 lyrici
361 389 408 429 et
426 384 585 442 tragici
600 381 793 427 formula
810 381 894 435 ηοὶν
912 378 938 435 ἤ
957 379 1091 436 plane
1109 373 1438 434 abstinuerunt,
1458 381 1668 437 quoniam

213 454 413 498 Luethio
461 458 640 497 auctore
696 451 832 493 etiam
881 463 906 492 e
954 454 1087 492 textu
1136 454 1366 507 oratorum
1410 449 1668 495 Atticorum

213 538 397 581 prorsus
435 520 705 566 removenda
741 524 823 571 est,
868 518 1080 574 quoniam
1124 519 1441 576 inscriptiones
1486 519 1668 564 Atticae

213 592 388 637 nullum
417 590 443 646 ἢ
470 588 714 647 particulae
744 587 990 645 vestigium
1019 587 1284 632 ostendunt:
1324 588 1373 632 in
1408 601 1508 632 eam
1537 587 1670 633 facile
1702 602 1706 606 ·

212 661 471 706 adducimur
521 659 778 716 opinionem
821 657 957 702 etiam
1002 657 1052 701 in
1097 658 1374 715 Thucydidis
1417 658 1566 717 libre,x
1591 658 1670 702 ubi

213 730 280 774 bis
325 730 400 781 (V,
445 727 513 780 61,
563 729 581 771 1
631 734 677 771 et
721 726 857 779 VIII,
910 724 982 778 12)
1025 726 1222 770 occurrit
1265 733 1312 770 et
1355 727 1474 784 apud
1517 727 1670 773 Xeno-

212 800 439 855 phontem,
470 797 548 841 ubi
581 803 651 841 ter
680 796 773 849 (Ἀν.
795 796 878 849 IV,
909 797 950 849 5,
984 795 1033 850 13
1064 795 1159 851 Κυρ.
1180 796 1283 838 παιδ-
1302 797 1341 849 Ι,
1370 796 1413 850 4,
1434 795 1512 851 23;
1538 796 1670 854 'Ana

211 868 251 919 2,
290 867 335 918 4)
371 866 619 919 invenitur,
656 865 771 909 illud
809 864 835 920 ἥ
873 870 1134 922 corruptum
1173 880 1283 910 esse.
1353 866 1458 910 Huc
1502 867 1672 912 accedit

211 936 329 993 quod
358 937 407 980 in
443 937 593 994 priore
624 935 902 993 Thucydidis
933 934 1031 978 loco
1071 941 1277 993 apertum
1306 936 1426 980 inest
1460 936 1672 980 mendum

212 1007 285 1058 (cf.
316 1020 414 1063 pag.
446 1005 522 1056 41)
553 1011 599 1049 et
628 1005 677 1048 in
697 1004 832 1056 VIII,
868 1002 1078 1046 12-ceteri
1108 1009 1287 1059 praeter
1306 1019 1445 1048 unum
1464 1005 1671 1060 quamvis

212 1076 434 1133 optimum
454 1074 495 1119 B
517 1073 690 1118 codices
710 1071 736 1129 ἦ
758 1088 848 1117 non
879 1072 1061 1118 habent.
1123 1072 1194 1117 De
1223 1073 1540 1131 Xenophontis
1560 1074 1671 1119 locis

214 1143 315 1188 vide
343 1158 456 1200 quae
485 1144 605 1187 infra
633 1157 732 1201 pag.
765 1141 821 1187 53
854 1142 1054 1199 exposui.

253 1271 349 1330 §2
396 1272 476 1315 De
514 1286 615 1316 usu
653 1270 795 1314 modi
833 1270 994 1314 finiti
1032 1284 1058 1313 a
1095 1272 1201 1326 πρίν
1240 1271 1638 1316 coniunctione

561 1341 863 1398 pendentis
901 1339 1329 1397 Xenophontem

329 1421 609 1464 Perventum
640 1426 710 1464 est
738 1420 796 1464 ad
816 1420 1184 1477 Xenophontem.
1234 1420 1305 1464 Ac
1324 1420 1475 1476 priore
1495 1420 1674 1477 quidem

211 1490 310 1532 loco
327 1488 565 1532 dicendum
581 1490 670 1532 erit
685 1489 739 1532 de
754 1490 811 1533 iis
833 1490 1065 1545 exemplis,
1089 1503 1201 1545 quae
1217 1493 1300 1545 πριῦ
1315 1490 1675 1533 coniunctionem

212 1572 314 1602 cum
335 1558 581 1603 indicativo
613 1559 912 1604 consociatam
933 1559 1161 1604 exhibent.
1223 1557 1428 1614 Quorum
1449 1565 1676 1603 structura

210 1641 351 1683 quum
395 1643 477 1684 pro
527 1629 817 1685 simplicitate
869 1630 1079 1673 dictionis
1126 1628 1481 1684 Xenophonteae
1529 1628 1673 1671 multo

211 1696 273 1740 sit
302 1696 478 1741 facilior
507 1702 641 1755 atque
671 1697 862 1755 planior,
903 1713 1037 1755 quam
1068 1696 1368 1755 Thucydiden,
1407 1696 1560 1754 paucis
1597 1711 1674 1741 ex-

212 1766 388 1822 planari
433 1773 595 1823 potest.
669 1768 799 1812 Inter
843 1769 965 1811 locos
1011 1767 1296 1823 undeviginti
1344 1782 1461 1810 unus
1511 1773 1673 1819 exstat,

212 1835 289 1891 qui
325 1841 430 1892 post
468 1837 755 1881 enuntiatum
793 1837 1117 1881 affirmativum
1153 1835 1449 1880 indicativum
1492 1835 1676 1893 praebet

213 1904 286 1947 Ἀν.
306 1906 370 1960 II,
401 1907 442 1958 5,
473 1904 549 1950 33:
581 1907 620 1946 οἱ
637 1905 685 1947 δὲ
703 1907 880 1963 Ἕλληνες
896 1908 963 1963 τήν
993 1921 1037 1947 τε
1067 1906 1245 1946 ἱππασίαν
1276 1904 1503 1961 ἐθαύμαζον
1531 1904 1579 1947 ἐκ
1606 1909 1675 1947 τοῦ

214 1974 486 2030 στρατοπέδου
515 1973 691 2030 ὁρῶντες
716 1977 783 2017 καὶ
812 1977 870 2017 ὅτι
904 1975 1057 2016 ἐποίουν
1085 1975 1333 2030 ἠμφεγνόουν,
1369 1975 1453 2031 πρὶν
1482 1976 1679 2032 Νίκαρχος

204 2042 353 2100 Ἀρκὰς
386 2043 459 2100 ἧκε
489 2043 662 2100 φεύγων.
724 2044 857 2100 Quod
895 2043 1152 2101 exemplum
1191 2057 1330 2100 quum
1367 2050 1414 2087 et
1442 2043 1593 2090 verbis
1630 2052 1676 2089 et

214 2128 348 2157 sensu
401 2113 456 2157 ad
510 2113 855 2158 similitudinem
901 2112 1294 2170 Thucydideorum
1349 2114 1676 2158 conformatum

213 2183 286 2234 sit,
318 2183 642 2227 accuratiorem
670 2184 1092 2241 interpretationem
1122 2182 1360 2226 instituere
1396 2183 1674 2240 supersedeo.

214 2253 417 2308 Namque
454 2267 547 2295 non
578 2252 725 2295 solum
762 2253 989 2296 sententia
1019 2252 1234 2308 primaria
1271 2252 1534 2309 imperfecto
1554 2267 1676 2297 -con-

215 2322 386 2366 tinetur
433 2320 682 2377 (ἐθαύμαζον
728 2328 775 2367 et
816 2322 1069 2379 ἠμφᾳνόουν)
1114 2327 1161 2366 et
1204 2321 1467 2367 secundaria
1510 2324 1675 2368 aoristo

214 2392 485 2449 exprimitur
521 2390 611 2447 (ἧκε
651 2392 772 2435 enim
812 2392 1018 2450 quamvis
1063 2392 1209 2436 forma
1244 2391 1306 2435 sit
1349 2392 1675 2450 imperfectum,

214 2478 395 2507 sensum
426 2468 579 2507 tamen
609 2464 767 2507 aoristi
797 2463 965 2515 habet),
997 2462 1076 2506 sed
1107 2463 1243 2506 etiam
1272 2463 1389 2506 actio
1413 2464 1676 2507 secundaria

217 2530 452 2588 repentino
482 2530 675 2587 quodam
704 2531 877 2589 impetu
906 2531 1062 2576 intrat.

331 2601 629 2645 Transeamus
650 2602 792 2658 igitur
821 2602 877 2645 ad
904 2603 1096 2646 alterum
1120 2603 1430 2658 exemplorum
1459 2604 1675 2657 ordinem,

218 2669 293 2724 qui
322 2670 558 2727 negatione
589 2670 880 2715 antecedente
900 2670 1200 2717 indicativum
1230 2671 1463 2730 praebent.
1517 2672 1677 2718 Enun-

217 2739 378 2783 tiatum
416 2755 575 2797 regens
614 2741 760 2785 sexies
800 2741 878 2785 alii
909 2742 1159 2786 subiectum
1196 2749 1278 2795 est,
1317 2742 1363 2786 id
1403 2742 1521 2799 quod
1560 2742 1678 2799 apud

217 2808 524 2865 Thucydidem
556 2825 612 2853 ne
633 2825 724 2854 uno
754 2811 934 2868 quidem
955 2811 1054 2855 loco
1080 2826 1165 2855 usu
1196 2813 1335 2856 venit.
1388 2812 1446 2855 In
1464 2816 1678 2868 quattuor
