1836 3175
1537 123 1591 167 57

151 249 349 294 Gravius
378 255 448 293 est
467 249 661 293 alterum
679 247 936 304 exemplum
950 245 1054 288 ζΕλλ.
1076 246 1139 300 II,
1161 244 1202 300 3,
1224 244 1294 300 48,
1324 247 1439 303 quod
1464 248 1593 293 modo

149 316 397 364 attulimus,
442 317 531 362 Hic
547 316 742 361 occurrit
765 316 993 373 optativus
1013 317 1327 372 praesentis
1344 316 1594 373 (μετέχοιεν).

153 386 304 441 Quum
331 401 475 443 neque
513 386 632 442 apud
667 391 821 442 poetas
860 386 1085 430 scaenicos
1124 385 1261 437 (nihil
1298 385 1419 428 enim
1455 386 1598 430 forma

150 455 282 512 ἐξήκοι
309 456 359 500 in
382 454 520 513 Soph.
544 454 737 499 Philect.
763 453 843 499 199
865 455 1000 508 valet,
1032 454 1329 512 quippequae
1349 454 1444 498 vim
1463 454 1598 498 habet

149 527 336 578 aoristi),
374 539 518 582 neque
557 525 674 582 apud
712 530 911 569 oratores
949 525 1128 569 Atticos
1169 524 1440 570 inveniatur·v
1464 523 1598 568 huius

150 595 364 652 temporis
403 595 645 652 optativus,
686 595 984 652 suspicionem
1023 595 1154 640 facile
1190 609 1322 652 posse
1360 594 1471 637 oriri
1507 608 1599 637 non

149 664 435 712 infitiandum
465 670 546 718 est,
576 679 687 709 num
716 665 824 709 haec
853 664 988 709 lectio
1026 665 1087 709 sit
1114 665 1321 722 genuina.
1382 665 1607 708 Attamen.

149 739 364 791 patronus
394 733 500 778 huic
528 734 626 777 loco
662 733 855 777 existere
891 734 1044 785 audeo.
1107 733 1332 788 Quidnam
1370 734 1598 790 optativus

150 804 396 860 praesentis
427 804 512 848 hoc
541 804 639 847 loco
668 809 910 860 usurpatus
941 803 1149 848 habuerit
1188 817 1357 856 causae,
1395 817 1481 860 quo
1512 802 1599 847 cla*-

151 874 244 917 rius
275 874 582 930 perspiciatur,
613 878 684 916 est
711 872 826 915 mihi
854 873 974 916 tanti
1002 879 1149 917 totum
1179 874 1328 917 locum
1350 874 1599 917 accuratius

150 942 410 986 adscribere.
485 934 637 985 Verba
680 942 729 984 iu
771 942 1049 998 paragrapho
1093 941 1601 1000 duodequinquagesima

150 1012 258 1055 haec
288 1012 518 1069 leguntur:
562 1011 643 1065 ἐγὼ
688 1009 725 1051 δ’
773 1009 807 1051 ὦ
840 1011 984 1067 Ιζοιτία,
1029 1011 1245 1056 ἐκείνοις
1282 1010 1370 1067 μὲν
1414 1012 1484 1053 ἀεί
1505 1027 1600 1053 ποτε

150 1082 307 1136 πολεμῶ
336 1085 418 1125 τοῖς
444 1081 491 1122 οὐ
521 1080 694 1137 πρόσθεν
724 1080 917 1136 οἰομένοις
941 1081 1060 1136 καλὴν
1089 1080 1135 1133 ἂν
1165 1081 1427 1136 δημοκρατίαν
1457 1080 1599 1125 εἶναι,

151 1151 233 1205 πρὶν
263 1151 327 1190 καὶ
357 1152 395 1189 οἱ
423 1151 554 1190 δοῦλοι
572 1173 629 1181 -—
655 1151 834 1206 δραχμῆς
856 1149 1138 1206 μετέχοιεν,
1167 1151 1232 1190 καὶ
1260 1155 1365 1195 τοῖς
1390 1149 1448 1191 δέ
1473 1150 1510 1205 γ’
1543 1149 1601 1191 αὖ

150 1219 213 1259 ἀεὶ
232 1218 404 1263 ἐναντίος·
422 1219 510 1274 εἶμί,
531 1219 572 1260 οἳ
588 1218 659 1260 οὐκ
678 1217 821 1260 οἴονται
839 1218 956 1275 καλὴν
976 1217 1022 1260 ἂν
1043 1217 1340 1275 ἐγγενέσθαι
1365 1219 1601 1277 ὀλιγαρχίαν,

125 1290 233 1345 wazu
263 1289 320 1337 εἰς
347 1289 392 1329 τὺ
422 1288 478 1329 ὑπ’
520 1289 658 1343 ὀλίγων
696 1289 967 1344 τυραννεῖσθαι
1002 1290 1067 1345 τὴν
1097 1290 1199 1330 πόλιν
1227 1290 1441 1346 καταστῇ
1451 1304 1601 1331 σειαν.

152 1358 406 1415 Conspicua
434 1364 504 1402 est
541 1360 763 1416 oppositio
800 1359 1015 1415 quaedam
1055 1360 1291 1412 rhetorica,
1332 1373 1445 1416 quae
1482 1360 1602 1403 inter

150 1427 259 1471 duas
279 1428 526 1472 sententias
541 1428 662 1471 inter
677 1442 724 1471 se
740 1434 1014 1486 comparatas
1030 1428 1278 1473 intercedit.
1310 1429 1603 1485 Respondent

151 1499 199 1540 in
229 1498 374 1541 vicem
403 1498 500 1538 εἶναι
529 1504 575 1541 et
605 1497 848 1552 ἐγγενέσθαι,
884 1498 1090 1556 μετέχοιεν
1121 1504 1175 1544 'et
1202 1498 1501 1554 καταστήσειαν,
1537 1499 1602 1543 ita

151 1572 202 1612 ut
230 1567 394 1625 prioris
423 1566 597 1625 periodi
626 1568 882 1612 infinitivus
911 1574 1045 1625 atque
1074 1569 1303 1625 optativus
1333 1569 1516 1625 propius
1547 1568 1601 1611 ad

151 1638 368 1680 rationem
406 1638 674 1681 Latinorum
718 1638 859 1682 futuri
901 1639 1035 1695 primi
1075 1638 1298 1692 accedant,
1341 1638 1600 1695 posterioris

151 1707 301 1751 futuro
331 1711 488 1751 exacto
518 1706 726 1751 vertendi
756 1707 861 1751 sint.
922 1707 996 1752 Ab
1017 1708 1150 1751 huius
1179 1707 1269 1751 loci
1288 1713 1451 1750 natura
1474 1707 1601 1751 valde

150 1776 361 1821 abhorret
391 1776 582 1821 alterum
612 1777 803 1834 optativi
834 1779 1081 1834 praesentis
1111 1778 1381 1833 exemplum.
1433 1775 1506 1817 Ἀν.
1536 1776 1599 1829 ΙΙ,

150 1846 191 1901 2,
222 1846 249 1890 2
279 1847 477 1891 melioris
509 1853 641 1891 notae
680 1846 850 1891 codices
888 1848 1055 1892 habent
1092 1848 1176 1903 rqoiv
1215 1847 1352 1892 αὐτοὺς
1392 1846 1602 1901 κατάγοι

150 1914 298 1956 οἴκαδε.
360 1914 592 1972 Siquidem
628 1922 778 1960 autem
814 1917 939 1960 nulla
979 1932 1110 1961 causa
1151 1917 1280 1960 nobis
1322 1932 1418 1960 sese
1456 1917 1599 1967 offert,

151 2000 230 2029 cur
258 1985 343 2029 hoc
372 1987 469 2042 ipso
500 1987 597 2029 loco
629 1986 884 2042 Xenophon
916 2002 942 2029 a
971 2002 1127 2030 norma
1155 1988 1333 2043 vulgari
1372 1986 1597 2042 digressus

151 2055 223 2108 sit,
254 2055 492 2100 lectionem
522 2056 738 2110 καταγάγοι
774 2056 829 2100 ab
860 2056 1066 2100 omnibus
1106 2056 1198 2099 fere
1236 2056 1403 2100 criticis
1443 2061 1599 2100 contra

151 2125 351 2169 codicum
381 2127 692 2171 auctoritatem
723 2133 948 2183 receptam
980 2126 1271 2183 comprobare
1302 2141 1391 2170 non
1429 2126 1597 2171 dubito.

266 2196 417 2252 Atque
452 2203 690 2252 antequam
729 2196 833 2240 huic
878 2195 1002 2253 operi
1045 2196 1182 2239 finem
1227 2197 1466 2253 imponam,
1512 2211 1603 2239 una

151 2264 489 2320 quaestiuncula
515 2265 630 2308 mihi
658 2266 880 2310 movenda
909 2265 1100 2318 videtur,
1133 2271 1285 2309 utrum
1316 2280 1373 2308 ex
1403 2280 1488 2309 usu
1518 2267 1601 2321 νςοίν

112 2368 114 2370 -
151 2334 394 2391 particulae
438 2334 492 2378 dc
543 2334 775 2379 authentia
817 2334 1036 2378 librorum
1085 2334 1404 2378 nonnullorum
1449 2334 1602 2378 Xeno-

150 2404 450 2461 phonteorum
501 2404 715 2448 iudicium
759 2405 875 2448 ferre
924 2405 1146 2461 possimus
1190 2419 1343 2448 necne.
1418 2403 1602 2448 Etenim

151 2474 190 2516 si
226 2475 276 2517 in
312 2474 491 2531 scriptis
528 2474 771 2518 maioribus
819 2474 1185 2518 consuetudinem
1231 2473 1407 2517 dicendi
1449 2473 1602 2517 Xeno-

154 2542 393 2598 phonteam
430 2544 598 2600 optime
634 2558 892 2600 expressam
927 2558 1025 2587 esse
1058 2542 1319 2595 iudicamus,
1358 2543 1602 2586 nonnullae

152 2612 199 2653 in
242 2612 491 2656 minoribus
537 2612 838 2657 observandae
884 2619 990 2657 sunt
1035 2611 1372 2668 discrepantiae.
1447 2611 1602 2668 Neque

153 2680 272 2723 enim
291 2681 548 2725 infinitivus
568 2684 829 2738 praesentis,
859 2683 936 2738 qui
955 2683 1005 2726 in
1027 2681 1319 2738 Cyropaedia,
1340 2681 1599 2733 Hellenicis,

156 2749 351 2793 Anabasi
411 2751 686 2809 frequentior
746 2760 826 2805 est,
894 2757 1148 2811 usurpatur,
1218 2758 1264 2794 et
1316 2751 1600 2795 coniunctivo
