1836 3175
1595 196 1651 242 3⁷

208 325 448 383 respiciens
492 313 614 367 intra
656 321 730 366 01.
771 320 828 366 80
868 326 913 365 et
955 319 1012 365 83
1057 327 1289 367 exaratum
1329 336 1426 366 esse
1469 323 1609 376 docet,
1619 325 1649 376 ¹)

206 397 364 439 lacuna
392 393 573 449 expleta
601 391 686 434 hoc
715 389 846 435 modo
875 391 1061 448 legitur:

393 462 485 517 ηοέμ
510 460 584 515 μὲν
615 459 844 515 Καλλιτέλης
871 459 1070 515 ἱδρύσατο·
1101 461 1216 501 τόνδε
1245 459 1277 500 δ’
1310 459 1462 501 ἐκείνου

393 530 546 586 ἔγγονοι
575 528 799 585 ἐστήσανθζ
830 529 889 574 οἷς
908 530 1024 587 χάριν
1054 530 1259 571 ἀντεδίδου.

209 602 301 648 Sed·
342 606 388 644 et
432 604 630 643 oratores
639 598 673 650 2)
718 604 764 642 et
807 598 1063 656 Xenophon
1099 600 1362 645 adverbium
1399 602 1482 655 πρίν
1519 601 1654 657 plane

206 674 479 716 vitaverunt.
529 669 687 725 Itaque
716 684 856 713 unum
876 668 1178 726 Oyropaediae
1202 669 1351 714 locum
1380 670 1454 723 (V,
1492 669 1533 723 2,
1563 668 1652 724 36),

206 753 292 797 quo
322 738 455 781 lectio
487 737 687 781 codicum
709 738 938 782 notionem
967 738 1269 782 adverbialem
1287 740 1498 794 postulat,
1529 754 1653 782 men-

206 809 363 853 dosum
399 821 496 850 esse
533 807 725 863 suspicio
760 807 889 851 nobis
920 807 1088 852 existit.
1148 806 1300 850 Verba
1328 807 1394 851 sic
1421 808 1652 865 leguntur:

205 881 314 935 ἡμεῖς
360 876 407 917 δὲ
458 877 523 916 καὶ
568 878 747 931 μείζονες
797 877 859 917 νῦν
908 876 931 931 ἢ
979 878 1075 932 φησίν,
1133 875 1216 916 ἐπεὶ
1271 877 1531 931 νενικήκαμεν,
1589 878 1654 917 καὶ

205 947 462 1004 ἰσχυρότεροι,
493 945 576 986 ἐπεὶ
605 945 884 1002 ηὖτυχὴκαμεν.
943 946 1048 990 Mea
1076 945 1256 1002 quidem
1285 946 1509 990 sententia
1540 945 1655 989 illud

205 1017 227 1073 ἢ
256 1017 340 1073 πρίν
378 1014 731 1059 additamentum
768 1015 899 1059 futile
928 1020 1009 1068 est,
1047 1015 1311 1072 praesertim
1350 1016 1389 1058 si
1429 1015 1485 1059 ad
1515 1029 1655 1059 enun-

205 1087 368 1130 tiatum
396 1084 662 1129 antecedens
693 1091 956 1141 spectamus,
997 1085 1076 1128 ubi
1112 1084 1265 1128 eadem
1293 1085 1487 1129 formula
1522 1090 1655 1141 atque

206 1170 308 1200 cum
346 1154 576 1199 infinitivo
606 1158 657 1197 ut
687 1154 802 1198 solet
813 1153 851 1211 ³)
890 1155 1128 1198 coniuncta
1162 1154 1357 1198 occurrit
1392 1155 1450 1207 (οἱ
1473 1153 1548 1209 μὲν
1578 1155 1654 1211 γὰρ

205 1224 378 1280 πολέμιοι
412 1224 505 1265 πολὺ
532 1223 608 1278 μὲν
645 1223 850 1268 ἐλάττονές
885 1225 959 1266 εἶσι
994 1225 1058 1265 νῦν
1095 1223 1119 1279 ἢ
1154 1225 1258 1280 πρὶν
1292 1224 1562 1280 ἡττηθῆναι
1591 1225 1653 1280 ὑφ’

204 1296 323 1352 ἡμῶν,
353 1293 446 1334 πολὺ
476 1291 513 1334 δ’
543 1292 747 1339 ἐλάττονες
772 1293 796 1349 ἢ
824 1294 893 1335 ὅτε
922 1294 1151 1350 ἀπέδρασαν
1179 1295 1309 1350 ἡμᾶς).
1358 1294 1462 1338 Huc
1486 1295 1656 1339 accedit

205 1364 323 1420 quod
364 1377 494 1407 causa
532 1364 810 1419 corruptelae
848 1364 956 1411 satis
991 1364 1228 1408 manifesta
1263 1364 1402 1408 adest.
1469 1364 1654 1408 Etenim

205 1433 397 1478 scribam
425 1431 554 1476 facile
585 1432 852 1477 credendum
883 1438 953 1477 est
971 1433 1120 1490 priore
1139 1434 1219 1477 illo
1249 1433 1273 1489 ἢ
1301 1435 1384 1490 πρίν
1414 1434 1655 1491 pellectum

205 1502 443 1555 aberrasse,
481 1501 547 1544 ita
582 1506 635 1544 ut
671 1502 807 1545 etiam
835 1501 1047 1545 inferiore
1077 1502 1174 1545 loco
1205 1502 1358 1546 eadem
1390 1503 1527 1546 verba
1555 1518 1656 1559 per-

206 1587 359 1629 peram
412 1572 674 1629 irreperent.
753 1572 911 1627 Itaque
968 1572 1151 1615 voculas
1209 1571 1232 1627 ἢ
1280 1573 1363 1628 πρίν
1412 1578 1516 1616 ante
1571 1570 1656 1614 ἐπεὶ

206 1642 453 1696 νενικήκαμεν
483 1641 720 1684 delendum
749 1655 845 1683 esse
874 1645 1036 1685 statuo.

252 1791 349 1849 §6.
409 1793 489 1835 De
529 1806 630 1834 usu
665 1791 808 1834 modi
846 1791 1009 1834 finiti
1047 1804 1163 1833 cum
1202 1791 1303 1845 πρίν
1340 1790 1618 1845 particula

590 1860 875 1904 coniuncti
911 1858 1279 1916 Thucydideo.
1474 1856 1477 1859 ’

322 1941 480 1984 Priore
496 1941 593 1984 loco
614 1940 849 1983 dicendum
870 1945 939 1983 est
958 1940 1012 1983 de
1031 1940 1275 1983 indicativo
1298 1940 1658 1983 coniunctionem

206 2013 289 2065 πρίν
316 2010 532 2066 sequenti,
562 2024 692 2065 quem
716 2009 998 2066 Thucydides
1019 2008 1251 2052 duodecies
1272 2008 1490 2062 adhibuit,
1512 2010 1658 2053 sexies

206 2084 310 2135 post
329 2080 597 2123 sententiam
619 2079 950 2131 affirmativam,
974 2079 1118 2122 sexies
1146 2083 1249 2134 post
1275 2073 1543 2135 negativam.
1594 2078 1659 2122 Hi

207 2149 382 2200 numeri
421 2148 475 2192 ab
506 2148 715 2205 opinione
749 2148 924 2205 vulgari
963 2147 1213 2204 discrepare
1253 2147 1478 2200 videntur,
1521 2162 1659 2204 quum

206 2208 359 2262 Lueth
370 2218 410 2273 4)
449 2224 621 2275 septem
662 2219 781 2262 locos
820 2223 1064 2270 enumeret,
1111 2216 1188 2273 qui
1224 2216 1520 2262 indicativum
1556 2223 1659 2274 post

206 2289 491 2332 enuntiatum
502 2289 746 2345 positivum
760 2287 988 2332 exhibent.
1018 2279 1230 2331 Fortasse
1240 2286 1290 2331 in
1299 2286 1489 2332 cundem
1498 2287 1659 2332 incidit

207 2372 417 2410 errorem,
448 2358 497 2400 in
527 2372 659 2413 quem
688 2372 841 2401 omnes
872 2357 964 2400 fere
995 2356 1187 2400 editores
1217 2361 1394 2413 praeter
1416 2355 1657 2410 Stahlium,

207 2440 344 2481 quum
373 2442 462 2471 uno
492 2427 590 2472 loco
621 2427 753 2480 VIII,
790 2426 884 2479 105,
916 2425 942 2468 2
974 2429 1087 2478 (non
1115 2425 1224 2479 VII,
1262 2426 1355 2479 105,
1386 2425 1413 2469 2
1434 2431 1486 2470 ut
1504 2426 1658 2470 Lueth

207 2500 392 2539 annotat
404 2498 439 2547 ⁵)
454 2497 736 2541 enuntiatum
751 2496 1014 2553 primarium
1026 2496 1274 2552 positivum
1286 2509 1382 2540 esse
1395 2500 1655 2540 statuerent.

326 2598 352 2642 ¹)
377 2599 417 2634 L.
443 2599 465 2635 l.

322 2655 350 2698 2)
376 2656 508 2702 Lueth,
533 2657 555 2693 l.
579 2657 603 2692 l.
628 2668 716 2703 pag.
741 2657 773 2693 8.

321 2711 352 2756 3)
378 2712 432 2748 Cf.
457 2724 546 2760 pag.
571 2715 627 2750 25.

321 2769 352 2813 ⁴)
376 2770 510 2816 Lueth,
534 2772 557 2807 l.
582 2772 604 2808 1.
630 2783 717 2818 pag.
743 2771 798 2808 38.

323 2826 352 2871 5)
377 2826 510 2873 Lueth,
535 2829 557 2865 l.
582 2829 605 2865 l.
631 2839 718 2876 pag.
744 2829 799 2866 38.
838 2852 845 2859 ·
