1836 3175
1612 164 1669 210 35

222 297 346 355 prius
383 298 462 346 (sc.
510 282 642 349 quam
690 292 887 335 excitare
924 291 1009 335 tibi
1047 292 1304 349 eontigerit)
1345 290 1467 335 aliud
1503 292 1669 335 malum

221 377 379 409 vereor
410 377 413 381 ·
435 376 492 405 ne
558 360 642 403 tibi
706 360 888 403 accidat.
969 359 1082 404 Post
1138 361 1409 404 sententiam
1469 366 1669 415 tempore

220 431 461 491 praeterito
482 443 737 486 expressam
758 430 841 485 πρίν
861 442 960 473 sero
987 429 1036 472 in
1055 443 1203 473 merae
1234 429 1565 473 coniunctionis
1593 442 1671 471 na-

220 510 368 547 turam
409 499 644 544 transiisse
681 499 895 543 vidimus:
941 500 1229 544 antecedente
1272 505 1475 556 tempore
1518 501 1670 542 futuro

220 573 328 616 haec
358 575 409 613 ut
439 569 504 612 ita
532 568 676 613 dicam
705 569 1077 625 metamorphosis
1106 569 1195 612 iam
1225 568 1483 612 inHomeri
1514 569 1673 611 carmi-

219 640 351 683 nibus
389 637 587 694 perfecta
624 644 705 690 est,
750 639 815 682 ita
850 644 902 681 ut
942 640 1086 681 sexies
1124 643 1360 680 occurrant
1394 628 1671 681 coniunctivi

220 723 321 752 cum
350 708 433 762 νηοίν
460 699 773 750 coniunctione
803 708 1011 764 copulati.
1072 707 1227 763 Neque
1254 706 1583 764 neglegendum
1603 713 1672 750 est

219 793 243 821 e
273 776 418 820 tribus
449 776 605 819 Iliadis
642 777 751 819 locis
784 778 893 820 duos
924 779 973 820 in
1002 777 1117 819 libro
1139 776 1495 819 duodevicesimo
1515 777 1571 828 (Σ
1592 775 1671 819 134

219 854 266 892 et
306 845 421 899 189),
468 847 545 901 qui
582 847 799 887 ὁπλοποιΐαν
844 848 1067 900 continet,
1119 862 1258 890 unum
1305 847 1354 890 in
1391 847 1550 891 ultimo
1595 847 1672 902 qui

219 909 419 971 κλαυθμοί
439 916 703 959 inscribitur
732 916 849 959 libro
879 916 1091 968 inveniri,
1123 929 1234 971 quos
1264 914 1404 958 libros
1434 929 1526 958 non
1555 917 1673 958 inter

220 986 489 1030 vetustiores
535 987 754 1033 carminis
775 991 925 1042 partes
956 984 1276 1036 numerandOS‚
1323 984 1402 1027 sed
1430 990 1575 1028 aetate
1618 984 1674 1027 ad

220 1054 482 1112 odysseam,
515 1069 627 1110 quae
656 1056 744 1099 tria
774 1055 862 1098 alia
890 1054 1076 1098 exhibet
1094 1054 1300 1110 exempla
1331 1057 1376 1106 (κ
1399 1053 1494 1107 174,
1525 1067 1544 1093 ν
1572 1051 1672 1106 335,

215 1141 243 1179 ρ
255 1124 318 1180 7),
335 1125 539 1181 proxime
557 1125 764 1168 accedere
775 1126 897 1168 inter
912 1139 1066 1168 omnes
1081 1125 1173 1168 fere
1189 1129 1376 1168 constat.
1399 1123 1672 1179 Exemplum

218 1208 364 1238 merae
396 1195 583 1238 rationis
614 1194 925 1257 hypotacticae
954 1200 1106 1238 exstat
1134 1195 1170 1235 Σ
1202 1193 1300 1237 134;

390 1264 487 1304 ἀλλὰ
516 1264 563 1303 σὺ
590 1263 664 1318 μὲν
691 1264 807 1318 μήπω
836 1263 1061 1305 καταδύσεο
1087 1266 1218 1318 μῶλον
1238 1262 1396 1319 ’Ἃρηοῆ

367 1329 473 1387 ’πρίν
502 1333 533 1386 γ’
565 1332 638 1387 ἐμὲ
669 1332 771 1388 δεῦρ’
805 1332 999 1373 ἐλθοῦσαν
1029 1332 1071 1373 ἐν
1101 1333 1358 1388 ὀφθαλμοῖσιν
1388 1331 1502 1388 ἒὸηαι,

219 1403 313 1454 (sed
344 1408 394 1445 tu
425 1402 603 1459 quidem
635 1403 730 1446 noli
759 1404 807 1446 in
837 1404 1058 1459 proelium
1079 1405 1262 1456 irruere,
1293 1404 1418 1460 prius
1449 1404 1570 1446 enim
1600 1418 1672 1447 me

219 1472 296 1515 abs
328 1478 372 1515 te
403 1473 601 1528 conspici
633 1473 750 1524 volo,
782 1473 828 1515 id
858 1482 945 1516 est:
978 1474 1237 1529 priusquam
1261 1487 1332 1516 me
1353 1474 1671 1529 conspexeris).

147 1582 149 1585 ,
221 1540 401 1585 Sensim
451 1543 704 1597 sensimque
754 1557 809 1585 ex
868 1544 1073 1598 parataxi
1131 1544 1186 1586 fit
1243 1542 1554 1600 agglutinatam,
1614 1556 1670 1586 ex

168 1670 170 1672 -
217 1613 572 1669 agglutinationc
622 1612 942 1656 subordinatio.
1026 1612 1412 1667 Quemadmodum
1472 1619 1671 1670 tempore

217 1683 458 1738 praeterito
510 1682 800 1727 antecedente
849 1682 1143 1726 indicativum
1202 1683 1465 1738 plerumque
1514 1684 1670 1727 aoristi

184 1749 187 1752 ⁴
218 1754 323 1808 poni
354 1760 702 1797 consentaneum
722 1759 804 1806 est,
835 1754 1045 1808 quoniam
1065 1753 1119 1796 de
1149 1768 1197 1796 re
1229 1768 1334 1798 vere
1361 1753 1479 1804 facta
1507 1754 1668 1811 agitur,

217 1824 281 1866 sic
319 1828 519 1879 tempore
557 1823 709 1866 futuro
753 1822 1044 1879 praecedente
1082 1837 1174 1865 non
1218 1823 1383 1868 mirum
1428 1822 1669 1873 videbitur,

217 1892 333 1947 quod
364 1893 677 1936 coniunctivus
707 1894 790 1947 νςοίν
821 1892 1178 1935 coniunctionem
1210 1892 1425 1947 sequit-ur,
1456 1892 1667 1947 quoniam

217 1963 391 2005 notioni
427 1962 569 2006 futuri
607 1963 755 2006 exacti
792 1963 959 2018 optime
1002 1962 1255 2018 respondet.
1325 1961 1470 2016 Quam
1516 1962 1565 2005 in
1601 1963 1670 2006 in-

216 2032 408 2077 finitivis
440 2031 729 2088 disponendis
760 2032 999 2075 statuimus
1025 2026 1373 2083 distinctionem,
1405 2031 1591 2075 eandem
1622 2033 1670 2075 in

215 2101 359 2144 modis
388 2102 531 2155 finitis
563 2101 807 2145 tractandis
839 2115 1096 2157 sequemur;
1127 2116 1238 2153 eam,
1269 2116 1357 2156 qua
1385 2097 1670 2145 enuntiatum

215 2170 447 2216 dominatu
466 2172 731 2216 sententiae
770 2172 1008 2227 primariae
1044 2171 1285 2216 liberatum
1323 2171 1450 2227 quasi
1494 2186 1575 2228 per
1622 2186 1670 2216 se

217 2246 404 2294 constat,
443 2242 664 2285 rationem
701 2241 961 2294 indicativo,
1002 2256 1112 2295 eam,
1151 2256 1238 2297 qua
1275 2241 1467 2285 subiecti
1505 2241 1670 2285 iudicio

216 2309 558 2362 subordinatum
596 2316 678 2362 est,
718 2311 1003 2354 coniunctivo
1042 2311 1335 2364 vindicamus
1403 2312 1472 2354 Ac
1501 2311 1542 2353 si
1571 2311 1669 2366 quis

216 2385 411 2433 quaerat,
442 2395 529 2436 qua
548 2381 597 2423 in
617 2395 666 2424 re
686 2380 919 2436 praecipua
942 2380 1062 2423 inter
1091 2382 1175 2436 πρίν
1195 2381 1460 2437 particulam
1482 2394 1583 2424 cum
1602 2381 1671 2423 in-

216 2448 396 2492 finitivo
417 2456 463 2493 et
484 2464 585 2493 cum
605 2450 735 2494 modo
758 2450 889 2493 finito
912 2450 1195 2493 coniunctam
1211 2450 1512 2506 discrepantia
1526 2449 1670 2506 posita

216 2517 288 2568 sit,
320 2519 494 2562 ratione
524 2519 669 2576 logica
697 2519 915 2563 subducta
943 2520 1072 2563 facile
1103 2519 1286 2576 patebit.
1358 2520 1414 2563 In
1444 2519 1668 2575 prooemio

217 2585 325 2627 satis
355 2586 470 2629 mihi
501 2588 829 2631 demonstrasse
857 2588 1026 2640 videor,
1058 2589 1098 2631 si
1122 2581 1380 2632 infinitivus
1405 2587 1670 2643 particulam

216 2654 299 2709 πρίν
329 2662 542 2711 sequatur
571 2658 620 2701 in
649 2657 794 2701 medio
834 2658 1041 2714 relinqui,
1082 2663 1236 2702 utrum
1265 2658 1381 2701 actio
1412 2655 1670 2700 secundaria

216 2726 297 2768 fiat
336 2739 489 2778 necne,
536 2727 615 2770 sed
650 2727 697 2770 id
738 2733 912 2771 tantum
959 2727 1202 2771 tenendum
1247 2742 1356 2779 esse,
1403 2724 1668 2769 sententiam

217 2794 473 2851 primariam
503 2802 607 2838 ante
637 2797 752 2848 (sive
790 2812 878 2839 non
919 2800 1041 2848 ante)
1077 2797 1383 2840 secundariam
1412 2795 1665 2851 perfectam.
