1836 3175
190 212 217 256 6

192 338 353 382 obiecti
384 338 530 381 locum
561 342 712 380 tenere
742 334 1034 386 existimavit,
1066 338 1201 389 prout
1223 332 1354 376 modo
1374 332 1482 382 εἶναι,
1514 333 1645 378 modo

190 410 307 446 ποιεῖν
352 420 407 448 ex
453 404 682 448 enuntia-to
719 402 933 458 primario
978 401 1277 458 supplendum
1314 402 1387 445 sit.
1443 402 1547 446 —Sed
1588 417 1645 445 ex

190 476 397 532 ellipseos
442 477 587 531 figura
629 471 998 515 artificiosissime
1042 486 1070 514 a
1111 471 1414 528 grammaticis
1455 473 1647 515 conficta

192 548 442 587 structurae
487 548 578 585 tam
625 544 830 585 vetustae
874 545 921 583 et
963 540 1054 583 iam
1099 540 1217 597 apud
1260 540 1508 584 Homerum
1554 545 1646 584 tam

192 613 370 656 crebrae
400 611 616 668 originem
647 609 935 666 repetendam
971 624 1067 653 esse
1098 624 1258 654 vereor
1287 615 1339 654 ut
1367 609 1646 667 probandum

191 684 261 726 sit.
323 682 468 732 Viam,
507 695 594 736 qua
631 680 686 724 ad
723 680 962 724 veritatem
991 680 1175 736 propius
1207 680 1479 733 accedamus,
1516 680 1646 725 nobis

190 752 333 807 aperit
363 751 477 792 alius
507 749 727 792 infinitivi
747 748 978 791 Homerici
998 762 1120 792 usus.
1181 749 1368 792 Etenim
1397 750 1437 792 si
1456 750 1645 806 legimus

190 822 218 859 0
250 817 355 863 642:

1026 885 1195 940 ἀμείνων

416 957 601 1000 παντοίοις
629 956 787 1010 ἀρετάς,
818 954 915 1010 ἡμὲν
945 955 1071 999 πόδας
1097 954 1170 1009 ἠδὲ
1201 956 1416 1011 μάχεσθαι,

187 1025 443 1069 infinitivus
471 1023 687 1079 μάχεσθαι,
718 1038 855 1079 (11111111
886 1023 984 1079 pari
1014 1028 1146 1079 atque
1177 1024 1491 1069 antecedentes
1521 1039 1648 1069 accu-

188 1095 323 1139 sativi
354 1099 576 1151 potestate
608 1100 774 1146 utatur,
811 1094 997 1137 notione
1026 1094 1276 1137 instructus
1308 1099 1377 1137 est
1406 1089 1673 1138 limitativa

187 1166 261 1210 vel
284 1165 641 1211 determinativa.
702 1164 771 1207 Ea
803 1178 873 1207 res
904 1163 1001 1207 sive
1037 1163 1225 1207 facultas
1258 1163 1531 1221 designatur,
1563 1179 1649 1220 qua

187 1235 309 1279 filius
339 1235 458 1291 patri
478 1241 689 1291 praestat.
737 1234 903 1277 Melior
923 1240 992 1277 est
1022 1239 1068 1276 et
1097 1233 1284 1289 pedibus
1315 1239 1361 1277 et
1391 1234 1630 1291 pugnando
1637 1249 1647 1287 ;

187 1320 268 1348 nos
317 1304 585 1347 diceremus:
646 1305 701 1347 In
747 1303 1006 1359 Richtung,
1051 1303 1099 1345 in
1131 1302 1295 1359 2Bezug·
1338 1303 1418 1346 auf
1443 1327 1513 1346 -.
1572 1304 1649 1346 In-

187 1374 417 1426 finitivum
462 1379 612 1418 autem
642 1373 863 1431 imprimis
894 1372 1185 1416 directionem
1231 1371 1287 1416 ad
1316 1372 1510 1429 aliquam
1554 1387 1648 1416 rem

189 1443 443 1498 significare
459 1444 579 1487 inter
596 1458 750 1487 omnes
771 1456 892 1485 nunc
910 1447 1098 1485 constat,
1139 1442 1276 1485 Ratio
1309 1443 1456 1485 nostri
1476 1442 1564 1485 loci
1585 1448 1653 1485 est

187 1513 308 1565 haec,
347 1518 399 1556 ut
437 1513 560 1557 notio
601 1527 713 1569 quae
745 1510 969 1555 antecedit
1005 1511 1227 1568 generalis
1258 1512 1457 1563 (παντοίας
1486 1511 1649 1566 ἀρετάς)

188 1582 455 1626 accusativis
493 1587 546 1637 ut
584 1581 977 1639 grammaticorum
1009 1581 1202 1623 termino
1240 1585 1355 1633 utar,
1393 1580 1648 1624 limitativis

188 1652 331 1704 (πόδας
357 1658 403 1695 et
429 1651 651 1707 μάχεσθαι)
690 1650 940 1693 accuratius
980 1649 1222 1693 definiatur
1259 1656 1392 1705 atque
1420 1650 1469 1693 in
1498 1656 1649 1706 partes

188 1721 388 1778 singulas
420 1720 661 1765 dividatur.
722 1718 895 1763 Eodem
925 1718 1055 1762 modo
1087 1719 1343 1776 exemplum
1373 1718 1495 1762 aliud
1514 1719 1544 1760 A
1564 1716 1650 1763 258

188 1807 235 1834 se
266 1791 421 1834 habet:

333 1862 371 1901 οἱ
399 1860 487 1916 πέρι
513 1859 587 1916 μὲν
616 1859 761 1915 βούλην
791 1859 966 1907 Δαναῶν,
998 1857 1084 1915 πέρι
1115 1857 1152 1899 δ’
1187 1857 1280 1899 ἐστὲ
1307 1857 1510 1915 μάχεσθαι

398 1929 475 1974 (qui
501 1931 539 1964 et
564 1927 720 1963 consilio
746 1926 890 1962 Danais
914 1926 1121 1972 praestatis
1147 1930 1185 1962 et
1209 1926 1449 1972 pugnando)3

189 1987 242 2031 cf.
275 1987 410 2030 ctiam
441 1987 478 2027 K
502 1985 608 2030 437:
641 1986 759 2026 θείειν
790 1985 985 2040 ἀνέμοισιν
1016 1985 1162 2039 ὅμοιος.

304 2068 460 2110 Primo
491 2073 675 2123 aspectu
705 2067 851 2109 elucet
877 2067 1159 2109 infinitivum
1189 2065 1382 2122 pendere
1414 2081 1437 2108 e
1467 2068 1650 2111 notione

189 2136 487 2193 comparandi,
528 2151 639 2192 quae
670 2137 717 2179 in
751 2136 981 2179 vocabulis
1011 2136 1193 2191 ἀμείνων,
1224 2135 1323 2191 πέρι,
1354 2136 1491 2190 ὅμοιος
1517 2137 1647 2180 inest.

190 2205 280 2250 Sed
326 2207 598 2262 comparatio
644 2206 709 2248 ita
752 2205 1023 2257 instituitur,
1069 2211 1122 2247 ut
1165 2219 1257 2247 non
1301 2205 1348 2247 in
1386 2205 1650 2249 universum

188 2277 280 2329 fiat,
328 2275 405 2320 sed
452 2275 508 2319 ad
553 2275 753 2332 singulas
799 2280 976 2318 tantum
1015 2279 1166 2331 partes
1197 2274 1433 2331 pertineat.
1494 2274 1649 2331 Neque

188 2346 319 2397 enim,
360 2350 412 2389 ut
441 2346 591 2388 locum
621 2345 897 2401 superiorem
928 2345 1162 2400 explicem,
1201 2343 1407 2386 omnibus
1438 2344 1485 2386 in
1516 2343 1648 2387 rebus

188 2415 347 2458 melior
376 2415 464 2458 fuit
494 2415 616 2458 filius
648 2420 787 2470 patre,
820 2413 895 2457 sed
937 2413 1122 2471 pedibus
1161 2419 1207 2457 et
1236 2413 1489 2470 pugnandO.
1550 2414 1650 2457 Hoc

189 2484 284 2527 loco
316 2484 460 2527 facere
498 2499 589 2527 non
620 2498 815 2540 possum,
854 2484 964 2540 quin
1002 2482 1107 2524 ὥστε
1144 2483 1411 2540 particulam
1451 2482 1501 2525 in
1531 2497 1649 2526 com-

188 2554 465 2609 parationem
495 2568 665 2597 vocem.
726 2553 858 2597 Hanc
888 2554 1008 2597 enim
1038 2568 1062 2597 e
1088 2553 1417 2609 praepositione
1438 2552 1506 2606 ὡς,
1538 2568 1649 2609 quae

190 2622 479 2666 directionem
509 2623 565 2666 ad
594 2623 789 2679 aliquam
820 2638 916 2666 rem
947 2623 1186 2680 significat,
1218 2622 1436 2679 originem
1467 2622 1648 2666 duxisse

189 2692 297 2735 satis
329 2698 516 2737 constat.
581 2692 754 2748 Quodsi
784 2693 909 2736 notio
935 2707 1036 2736 cum
1057 2692 1163 2733 ὥστε
1193 2692 1414 2749 particula
1444 2693 1650 2748 copulata

163 2810 174 2820 ,Δ
188 2766 284 2805 toto
329 2762 559 2806 enuntiato
611 2763 906 2820 exprimitur,
954 2763 1234 2807 infinitivum
1281 2762 1500 2819 postulari
1546 2777 1649 2806 con-

187 2834 448 2879 sentaneum
480 2840 561 2876 est.
