1836 3175
1608 238 1662 282 25

220 367 378 411 aetatis
394 368 659 425 vigesimum
677 370 941 424 peractum).
983 366 1057 411 Ad
1073 371 1286 423 quantam
1296 365 1550 423 Xenophon
1565 382 1664 422 pro-

217 451 396 493 gressus
436 438 496 480 sit
533 436 709 480 dicendi
744 436 984 489 audaciam,
1016 437 1162 480 elucet
1191 451 1247 479 ex
1289 436 1401 478 locis
1432 436 1508 475 Οἷκ.
1542 435 1607 487 17,
1638 437 1664 479 2

218 507 274 557 (οἵ
301 507 383 561 πρὶν
412 506 670 561 κελευσθῆναι
699 505 769 545 ὑπὸ
814 506 881 546 τοῦ
912 506 1010 546 θεοῦ
1041 507 1283 561 σπειραντες)
1323 510 1368 548 et
1407 503 1537 560 Ἀγησ.
1571 505 1607 557 1,
1640 507 1665 548 5

219 578 308 630 (τῆς
343 576 425 631 πρὶν
463 574 580 630 ἄρξαι
617 574 732 615 αὐτὸν
769 575 941 630 ἀρετῆς),
983 576 1058 631 qui
1098 575 1351 618 infinitivos
1390 574 1577 616 articulo
1622 580 1667 616 et

216 646 398 689 nomine
439 645 754 689 circumclusos
793 645 884 689 fere
922 645 1235 689 adverbiorum
1265 645 1410 688 instar
1437 644 1665 701 praebent.

219 714 352 769 Quid,
390 714 507 770 quod
552 715 644 771 Κυρ.
688 717 789 756 παιδ.
819 717 906 768 ΙΙΙ,
947 714 985 764 3,
1030 715 1085 758 60
1124 716 1311 769 (ἀφίεσαν
1350 715 1398 755 τὰ
1436 714 1536 770 βέλη
1573 714 1666 754 πολὺ

216 786 298 839 πρὶν
329 783 581 837 ἐξικνεῖσθαι)
614 785 875 829 adverbium
906 785 998 826 πολύ
1029 791 1131 828 ante
1162 786 1427 841 particulam
1458 786 1540 840 πρίν
1566 799 1666 827 cum

216 854 444 897 infinitivo
482 855 776 897 consociatam
815 855 1067 911 reperitur?
1133 855 1293 897 Nonne
1336 855 1421 897 hoc
1466 854 1666 897 luculen-

216 924 438 967 tissimum
487 930 556 967 est
605 925 911 967 testimonium
961 926 1096 967 ctiam
1147 930 1290 967 aetate
1338 924 1667 979 Xenophontc'a

214 993 473 1036 memoriam
503 1008 595 1036 non
618 993 761 1036 solum
783 993 996 1045 adverbii,
1030 993 1106 1036 sed
1127 993 1261 1036 etiam
1283 993 1573 1048 comparativi
1600 1008 1666 1034 re-

215 1063 463 1106 mansisse?
514 1062 605 1114 (Cf.
627 1068 838 1118 quattuor
857 1063 977 1107 locos
1000 1064 1276 1115 Homericos,
1298 1063 1375 1119 qui
1395 1061 1488 1102 πολύ
1509 1063 1592 1117 ιῳίν
1617 1070 1666 1104 ut

214 1146 385 1174 merum
408 1131 667 1174 adverbium
685 1132 918 1175 exhibent:
954 1132 1094 1184 J250;
1116 1132 1151 1171 A
1166 1132 1269 1185 236;
1297 1131 1448 1184 N1613
1475 1132 1507 1183 β
1529 1131 1666 1182 167.“)

327 1201 566 1245 Uberrime
605 1201 804 1245 effloruit
841 1202 957 1258 apud
989 1201 1336 1258 Xenophontem
1368 1216 1419 1245 ea
1449 1201 1665 1244 infinitivi

213 1272 341 1322 ratio,
373 1285 484 1326 quae
514 1272 562 1313 in
594 1271 763 1314 duobus
795 1278 1046 1328 temporum
1077 1272 1233 1327 spatiis
1263 1272 1384 1314 inter
1414 1286 1460 1313 se
1491 1285 1666 1325 compa-

213 1339 364 1383 randis
388 1340 601 1383 cernitur
640 1340 714 1395 (cf.
755 1355 853 1397 pag.
897 1340 981 1391 14).
1042 1341 1213 1385 Eadem
1258 1356 1344 1397 qua
1382 1340 1665 1397 Thucydides

212 1410 357 1453 utitur
394 1409 556 1465 ellipsi,
596 1410 660 1452 ita
705 1415 755 1452 ut
797 1425 851 1452 ex
891 1411 1029 1453 verbo
1073 1412 1246 1467 regenti
1286 1410 1571 1453 delibandum
1606 1412 1665 1453 sit

213 1484 388 1534 tempus
419 1480 724 1534 praeteritum,
756 1480 808 1523 ad
841 1480 957 1535 quod
986 1481 1242 1524 infinitivus
1273 1495 1299 1523 a
1327 1480 1547 1537 particula
1582 1482 1665 1535 πρίν

213 1548 409 1604 pendens
452 1549 658 1603 pertinet.
723 1548 832 1593 Sive
870 1564 993 1592 mero
1039 1551 1342 1606 comparativo
1389 1551 1485 1592 sive
1527 1551 1663 1592 simili

212 1618 395 1659 notione
455 1618 742 1661 antecedente
802 1619 910 1661 haec
970 1619 1146 1662 dicendi
1203 1620 1397 1662 formula
1456 1620 1663 1662 occurrit.

214 1685 558 1742 Comparativus
588 1701 736 1729 merus
768 1688 909 1730 anteit
930 1686 1001 1727 Ἀν.
1033 1689 1137 1741 VII,
1171 1688 1209 1739 7,
1243 1687 1316 1731 35:
1348 1688 1370 1743 ἧ
1397 1688 1471 1742 μὴν
1496 1688 1588 1750 noh}
1618 1688 1668 1741 γέ

213 1755 314 1795 ἐστιν
345 1754 548 1796 ἔλαττον
586 1758 647 1796 νῦν
678 1772 740 1796 σοι
778 1759 843 1797 καὶ
872 1758 1007 1809 λαβεῖν
1049 1759 1162 1797 τοῦτο
1193 1760 1257 1798 καὶ
1287 1759 1500 1798 ἀποδοῦναι
1529 1756 1551 1812 ἢ
1582 1758 1665 1811 πρὶν

212 1826 308 1880 ἡμᾶς
353 1824 480 1867 ἐλθεῖν
525 1827 622 1882 πρὸς
664 1826 712 1866 σὲ
756 1826 922 1868 δέκατον
967 1826 1106 1868 τούτου
1145 1827 1282 1883 μέρος.
1353 1826 1665 1883 Supplendum

213 1911 317 1940 sane
362 1903 430 1940 est
476 1903 578 1953 post
608 1896 632 1952 ἤ
662 1898 769 1940 haec
814 1898 905 1940 fere
945 1897 1185 1941 sententia:
1230 1898 1291 1937 σοὶ
1327 1898 1391 1937 καὶ
1427 1897 1562 1949 λαβεῖν
1598 1898 1664 1937 καὶ

212 1966 421 2006 ἀποδοῦναι
459 1966 515 2022 ἦν.
585 1966 816 2011 simillimi
857 1972 964 2010 sunt
1008 1967 1111 2009 loci:
1160 1967 1253 2021 Κυρ.
1290 1968 1392 2006 παιὸ.
1431 1967 1488 2013 V,
1529 1966 1569 2017 2,
1610 1965 1663 2008 36

214 2035 348 2089 (πολὺ
383 2035 472 2089 μὲν
510 2036 770 2081 ἐλάττονές
804 2038 878 2077 εἶσι
913 2038 989 2076 νῦν
1027 2036 1049 2090 ἢ
1079 2037 1162 2091 πρὶν
1191 2037 1396 2091 ἡττηθῆναι
1425 2036 1483 2091 ὑφ’
1517 2037 1663 2091 ἡμῶν);

212 2102 318 2147 ibid.
350 2104 457 2157 VII,
499 2106 537 2157 5,
579 2104 633 2147 77
662 2106 756 2159 (νῦν
787 2106 904 2146 πολὺ
931 2107 1110 2160 μᾶλλον
1129 2106 1263 2146 ἀσκεῖν
1284 2105 1348 2160 τὴν
1368 2105 1554 2161 ἀρετὴνῆ
1583 2106 1665 2160 πρὶν

212 2173 308 2213 τάδε
353 2175 510 2229 τάγαθὰ
550 2176 810 2230 κτήσασθαι);
856 2177 978 2230 Συμπ.
1015 2177 1055 2228 4,
1096 2174 1122 2219 3
1162 2173 1275 2230 (ἔνιοι
1315 2176 1379 2215 καὶ
1425 2174 1667 2231 ἐχθιόνως

212 2239 367 2297 ἔχουσιν
396 2243 419 2298 ἢ
448 2246 530 2300 πρὶν
560 2246 729 2298 λαβεῖν).
782 2246 1090 2303 Comparativi
1110 2246 1206 2289 loco
1227 2246 1352 2288 notio
1382 2243 1665 2301 comparandi

212 2318 360 2356 exstat
392 2313 547 2369 Ἀπομν.
579 2316 666 2368 ΙΙΙ,
703 2316 767 2367 11,
811 2316 862 2359 14
903 2318 1130 2372 (τηνικαῦτα
1164 2316 1241 2371 γὰρ
1280 2315 1397 2356 πολὺ
1434 2313 1666 2370 διαφέρει

212 2382 260 2421 τὰ
297 2382 395 2422 αὐτὰ
431 2385 544 2439 δῶρα
581 2384 603 2439 ἢ
639 2388 721 2441 πρὶν
755 2386 985 2441 ἐπιθυμῆσαι
1028 2386 1210 2440 διδόναι).
1280 2385 1352 2429 Ad
1393 2391 1665 2429 structuram

211 2451 326 2493 nihil
372 2453 495 2497 valet
540 2454 739 2498 condicio
785 2456 1032 2499 sententiae
1069 2456 1306 2511 primariae
1347 2455 1569 2511 negativa,
1615 2460 1666 2496 ut

213 2519 374 2563 docent
394 2521 483 2565 loci
505 2521 606 2563 Ἓλλ.
638 2524 746 2577 VII,
769 2526 808 2578 5,
831 2524 885 2567 27
909 2524 1133 2580 (οὐδέτεροι
1163 2524 1305 2565 οὐδὲν
1335 2523 1479 2564 πλέον
1509 2521 1669 2579 ἔχοντες·

213 2589 410 2645 ἐφάνησαν
448 2591 470 2647 ἢ
505 2595 588 2649 πρὶν
627 2594 692 2650 τὴν
724 2595 851 2651 μάχην
890 2593 1097 2650 γενέσθαι)
1137 2601 1183 2637 et
1221 2593 1344 2635 Ἀπολ.
1383 2594 1514 2648 Σωκρ.
1552 2593 1579 2650 ξ
1609 2593 1663 2635 24

215 2660 321 2715 (ἐμοὶ
351 2659 398 2700 δὲ
428 2663 469 2700 τί
497 2664 679 2718 προςήκει
713 2666 789 2704 νῦν
823 2670 961 2719 μεῖον
999 2669 1156 2720 φρονεῖν
1186 2664 1209 2719 ἢ
1238 2666 1321 2719 πρὶν
1350 2664 1662 2720 κατακριθῆναι),

199 2730 290 2774 vubi
339 2743 495 2774 sensus
545 2735 781 2789 negativus
839 2750 894 2778 ex
944 2736 1088 2779 forma
1135 2735 1459 2791 interrogativa
1507 2735 1661 2776 oritur.

213 2800 469 2857 Xenophon
484 2807 536 2845 ut
553 2805 772 2859 copiosior
787 2806 834 2848 in
851 2805 1049 2856 dicendo,
1073 2820 1160 2861 quo
1176 2811 1427 2861 temporum
1444 2802 1661 2860 oppositio

332 2892 358 2937 ¹)
382 2891 527 2939 Delego
553 2893 603 2932 ad
627 2894 855 2941 Richterum‚
881 2895 903 2931 l.
927 2895 950 2934 1.
975 2905 1063 2943 pag.
1088 2895 1122 2933 5.
