1836 3175
1620 182 1676 228 43

229 313 362 369 Quod
389 312 468 356 ubi
504 311 703 368 primum
739 310 906 355 factum
943 315 1024 364 est,
1062 310 1178 356 actio
1218 311 1355 355 etiam
1382 311 1594 368 primaria
1621 327 1678 356 ex

226 387 350 427 statu
368 380 580 438 negativo
594 380 650 422 -in
669 380 913 435 positivum
934 385 1213 437 transgressa
1230 381 1287 424 ad
1308 382 1516 424 effectum
1540 383 1677 425 venit.

225 452 386 507 Itaque
431 450 518 493 duo
558 449 676 492 facta
719 449 1035 506 subsequentia
1077 455 1124 493 et
1160 451 1280 494 inter
1315 465 1363 494 se
1400 450 1683 494 cohaerentia

227 519 471 574 (adv-entus
492 518 714 562 sociorum
733 523 780 562 et
794 518 1011 575 proelium
1028 519 1334 572 commissum)
1352 519 1678 576 significantur.

227 588 352 643 Quin
393 588 528 631 etiam
564 588 613 630 in
650 588 805 645 lingua
848 588 989 632 latina
1033 603 1170 645 quum
1210 589 1311 633 aliis
1351 589 1462 632 locis
1506 602 1682 644 semper

226 656 539 714 coniunctivus
572 656 772 700 adhiberi
792 658 954 711 soleat,
977 659 1016 718 si
1045 659 1316 702 sententiam
1345 657 1680 702 antecedentem

226 726 482 782 negativam
520 728 722 782 sequitur
762 742 833 770 res
872 742 978 770 vere
1016 728 1146 782 facta,
1189 734 1292 783 post
1322 728 1680 771 coniunctionem

218 795 465 852 piusquam
514 795 785 839 indicativus
837 796 997 839 obvius
1051 801 1131 839 est.
1221 796 1312 839 Hic
1368 797 1508 852 igitur
1556 797 1680 839 locus

225 864 468 908 vertendus
497 870 632 908 esset:
669 866 841 921 proelio
870 880 962 908 non
992 866 1251 916 decertavit,
1282 866 1541 920 priusquam
1571 865 1680 908 socii

226 934 518 978 advenerunt.

341 1003 496 1059 Neque
542 1018 648 1046 vero
690 1004 854 1046 mirum
891 1004 978 1046 erit
1014 1004 1063 1047 in
1100 1009 1290 1059 utroque
1327 1004 1560 1046 enuntiato
1591 1004 1682 1046 fere

227 1088 402 1130 semper
446 1073 696 1130 simplicem
746 1073 964 1117 aoristum
1016 1073 1226 1117 inveniri.
1304 1071 1454 1117 Semel
1507 1078 1683 1116 tantum

212 1143 264 1194 Ἰ,
286 1140 380 1194 132,
412 1143 439 1185 5
459 1142 507 1184 in
538 1142 770 1185 enuntiato
792 1143 1053 1186 secundario
1072 1144 1121 1186 in
1137 1144 1244 1188 viva
1259 1144 1459 1186 oratione
1475 1157 1684 1199 praesens

227 1213 394 1268 legitur
430 1212 715 1264 historicum3
760 1212 877 1255 actio
915 1213 1129 1268 primaria
1164 1218 1322 1268 quater
1363 1226 1487 1257 mero
1516 1213 1683 1256 aoristo

194 1274 284 1333 '(I,
335 1280 429 1333 132,
476 1282 523 1333 5;
568 1281 630 1333 Π,
680 1279 748 1332 65,
801 1279 851 1335 33
896 1282 983 1331 ΙΙΙ,
1033 1281 1129 1334 101,
1168 1282 1215 1334 2;
1253 1282 1310 1333 V,
1355 1281 1420 1333 10,
1460 1281 1506 1332 9)
1545 1283 1684 1325 semel

229 1351 303 1404 (V,
336 1350 405 1403 61,
439 1349 484 1403 1)
514 1351 778 1407 imperfecto
809 1365 947 1406 eoque
978 1351 1026 1394 vi
1057 1352 1264 1394 aoristica
1292 1350 1507 1407 praedito,
1547 1352 1684 1395 semel

230 1421 383 1474 (VIII,
409 1421 503 1473 105,
528 1420 578 1476 2)
607 1421 836 1465 infinitivo
868 1421 1023 1464 aoristi
1054 1436 1080 1464 a
1108 1421 1247 1465 verbo
1277 1420 1443 1476 δύναμαι
1471 1421 1685 1478 pendenti

230 1506 442 1547 expressa
471 1496 552 1534 est.

344 1562 442 1604 Iam
486 1576 621 1617 supra
664 1560 1064 1605 animadvertimus
1108 1560 1403 1603 indicativum
1453 1567 1557 1617 post
1599 1562 1683 1616 mlv

229 1625 316 1674 nisi
354 1631 408 1675 de
449 1631 583 1674 rebus
622 1632 831 1687 perfectis
869 1632 1077 1687 usurpari
1117 1645 1208 1673 non
1248 1644 1389 1685 posse.
1459 1629 1552 1674 Sed
1587 1644 1682 1673 rem

229 1716 335 1744 vere
380 1701 436 1744 ad
480 1701 688 1744 effectum
733 1701 924 1754 venisse,
971 1701 1097 1745 nullo
1148 1701 1245 1743 loco
1286 1699 1574 1756 Thucydideo
1618 1700 1684 1744 di-

229 1775 347 1814 serte
384 1769 626 1824 indicatur,
675 1785 779 1813 nam
819 1775 1046 1814 structura
1089 1771 1416 1814 coniunctionis
1453 1771 1537 1824 τφίν
1581 1784 1684 1813 cum

229 1839 475 1883 indicativo
513 1841 744 1896 copulatae
781 1840 1033 1896 paullulum
1074 1855 1100 1882 a
1139 1841 1364 1884 sententia
1407 1854 1489 1896 per
1524 1851 1577 1883 se‘
1606 1854 1684 1883 ex-

228 1923 380 1966 pressa
416 1909 580 1963 differt,
628 1916 680 1953 ut
725 1909 956 1953 dominatu
995 1910 1219 1953 enuntiati
1252 1909 1457 1966 primarii
1493 1908 1685 1952 liberata

228 1981 322 2036 ipsa
359 1981 630 2023 sententiam
659 1995 823 2023 novam
855 1986 900 2023 et
929 1994 1069 2035 paene
1099 1995 1179 2036 per
1216 1994 1263 2022 se
1294 1985 1575 2024 constantem
1616 1979 1684 2022 in—

229 2049 388 2093 ducere
418 2049 637 2093 videatur.
699 2049 865 2094 Omnia
892 2049 1150 2092 huiusmodi
1180 2049 1386 2105 exempla
1420 2053 1683 2105 arg-umento

229 2124 349 2162 sunt.
412 2119 566 2162 Affero
596 2120 658 2171 Π,
690 2118 760 2171 65,
790 2117 837 2162 3;
869 2118 915 2159 οὐ
942 2118 1077 2172 μέντοι
1105 2120 1297 2174 πρότερόν
1327 2133 1374 2173 γε
1404 2120 1442 2158 υἱ
1471 2117 1688 2172 ξύμπαντες

170 2208 182 2217 .
228 2188 446 2229 ἐπαύσαντο
488 2188 530 2229 ἐν
566 2189 666 2245 ὀργῇ
709 2187 870 2243 ἔχοντες
912 2188 1040 2236 αὐτόν,
1085 2189 1168 2243 πρὶν
1208 2188 1430 2243 ἐζημίωσαν
1464 2188 1682 2243 χρήμασιν;

228 2258 274 2301 id
304 2263 391 2302 est:
423 2273 566 2314 neque
595 2273 704 2301 vero
733 2259 859 2314 prius
884 2272 1037 2302 omnes
1060 2258 1284 2302 Periclem
1314 2247 1363 2300 in
1391 2258 1491 2301 odio
1520 2258 1683 2303 habere

229 2328 471 2381 desierunt,
510 2342 643 2383 quam
682 2329 871 2384 pecunia
907 2328 1229 2372 multaverunt.
1297 2327 1340 2370 N
1342 2342 1430 2370 unc
1470 2343 1579 2371 vero
1608 2344 1685 2372 ex-

228 2402 481 2453 spectamus
513 2398 782 2441 sententiam
813 2398 968 2441 talem:
999 2397 1078 2441 ubi
1107 2398 1304 2454 primum
1326 2403 1477 2441 autem
1496 2400 1685 2454 pecunia

227 2466 551 2519 multaverunt,
584 2480 737 2510 omnes
758 2467 807 2510 in
828 2466 928 2510 odio
949 2481 1051 2510 eum
1072 2466 1236 2510 habere
1258 2466 1503 2511 desierunt.
1549 2468 1684 2511 Hunc

228 2551 410 2580 sensum
429 2538 477 2580 in
498 2538 647 2580 animo
669 2537 878 2582 habuisse
895 2536 1203 2594 Thucydidem
1219 2553 1274 2581 ex
1292 2538 1499 2594 sequenti
1519 2537 1684 2594 ὕστερον

229 2604 279 2645 δέ
308 2606 458 2664 colligi
483 2612 651 2664 potest,
691 2607 809 2664 quod
846 2607 901 2651 ad
930 2607 1203 2652 sententiam
1240 2608 1365 2651 illam
1395 2622 1475 2665 per
1504 2608 1683 2665 ellipsin

229 2675 439 2719 omissam
469 2678 753 2721 referendum
790 2683 879 2731 est3
919 2678 1070 2734 (paulo
1108 2683 1257 2721 autem
1296 2684 1410 2734 post,
1452 2692 1511 2722 sc.
1550 2693 1683 2733 quam

228 2757 329 2786 eum
351 2746 540 2799 pecunia
558 2747 899 2798 multaverunt).
952 2747 1124 2791 Eodem
1152 2747 1283 2791 modo
1314 2749 1351 2800 I,
1387 2746 1481 2800 132,
1514 2748 1540 2790 5
1570 2747 1683 2790 illud

229 2811 319 2852 τότε
359 2813 407 2867 δή
444 2815 542 2865 (sol.
580 2816 663 2856 ἐπεὶ
704 2817 872 2871 μηνυτὴς
914 2816 1104 2870 ἐγένετο),
1151 2817 1268 2871 quod
1313 2818 1494 2861 ineunte
1540 2817 1681 2872 capite
