1836 3175
1600 225 1627 268 5

180 351 466 396 arbitrantur.
527 353 644 396 Mihi
681 353 859 409 quidem
894 366 1155 408 persuasum
1194 358 1263 395 est
1291 353 1394 406 πρίν
1432 352 1628 396 adver-

180 420 323 466 bium
354 421 486 465 duas
514 422 833 479 ingressum
862 434 984 464 esse
1013 421 1154 473 vias,
1190 435 1419 476 quarum
1448 422 1629 465 altera

180 494 234 533 et
261 490 364 534 illa
393 490 609 547 quidem
639 490 793 546 prior
822 489 888 532 ad
923 489 1306 542 infinitivum,
1343 490 1530 533 altera
1566 489 1629 533 ad

179 560 391 604 modum
422 560 649 604 finitum
677 558 868 602 fuerit.
920 558 1079 614 Itaque
1098 559 1246 615 priore
1267 558 1364 602 loco
1386 559 1626 615 quaeritur,

177 628 397 686 quomodo
426 629 595 672 factum
624 628 697 680 sit,
738 632 790 670 ut
826 641 884 670 ex
914 626 1126 671 adverbio
1156 629 1239 682 πρίν
1273 628 1494 684 particula
1526 628 1629 672 infi-

178 700 375 743 nitivum
394 712 553 755 regens
574 697 796 741 evaderet.
840 698 947 740 Viri
962 697 1033 741 illi
1053 697 1302 741 doctissimi
1321 697 1628 741 correlationis

179 767 379 824 opinioni
420 766 554 810 nimis
590 765 874 823 indulgentes
913 766 1029 809 hanc
1067 765 1391 819 difficultatem,
1434 781 1545 822 quae
1580 767 1629 809 in

178 836 350 894 origine
392 835 612 879 infinitivi
651 849 677 878 a
717 836 800 890 πρίν
837 835 1055 891 particula
1093 835 1329 891 pendentis
1367 836 1513 891 posita
1546 842 1627 887 est,

178 904 556 960 subterfugerunt.
590 903 661 947 Ad
681 903 797 947 illud
811 904 976 960 Langii
988 918 998 946 z
1010 905 1040 956 ¹)
1061 904 1218 955 ,Nicht
1233 903 1330 947 blos
1347 903 1423 947 das
1441 904 1627 948 verbum

177 973 371 1027 finitum,
417 972 611 1016 sondern
655 972 770 1016 auch
815 971 892 1015 das
936 986 1101 1016 nomen
1146 972 1501 1024 (substantivum
1542 973 1629 1016 wie

178 1042 480 1098 adjectivum),
519 1043 570 1098 ja
614 1056 744 1099 sog-ar
788 1042 887 1085 eine
932 1041 1186 1086 bestimmte
1232 1043 1477 1086 casusform
1523 1042 1630 1087 oder

178 1112 292 1157 auch
330 1112 402 1156 ein
441 1111 716 1165 adverbium,
764 1111 1166 1169 beziehungsweise
1211 1112 1286 1155 ein
1323 1111 1463 1156 durch
1503 1127 1629 1169 prae-

178 1183 372 1238 position
401 1181 494 1225 und
524 1196 650 1225 casus
680 1181 927 1238 gebildeter
956 1181 1253 1226 adverbieller
1290 1182 1514 1225 ausdruck
1551 1182 1630 1226 hat

178 1252 248 1295 die
277 1251 524 1308 faehigkeit
552 1252 600 1293 in
631 1250 739 1303 sich,
770 1250 1054 1307 praedikativ
1072 1250 1332 1294 verwendet
1359 1266 1415 1294 zu
1435 1251 1629 1295 werden‘

178 1321 304 1377 quasi
346 1321 395 1364 in
440 1320 696 1382 confugium
740 1334 836 1363 sese
872 1320 1106 1376 recipiunt.
1178 1319 1303 1374 Quae
1340 1334 1430 1364 vox
1469 1321 1524 1364 ad
1559 1321 1629 1364 in-

179 1391 335 1434 timam
372 1391 439 1434 rei
468 1390 688 1434 rationem
717 1390 1034 1433 enucleandam
1064 1389 1184 1433 haud
1212 1390 1405 1433 multum
1436 1390 1570 1434 valet.

293 1461 384 1517 ῙΙρίν
413 1460 593 1517 proprie
622 1459 884 1504 adverbium
914 1474 1010 1504 esse
1039 1464 1172 1516 atque
1191 1459 1275 1503 hac
1302 1460 1629 1518 significatione

177 1531 429 1587 praeditum
472 1530 590 1573 haud
634 1545 734 1573 raro
779 1531 827 1573 in
856 1531 1044 1574 Homeri
1089 1530 1358 1574 carminibus
1398 1546 1628 1577 occurrere

178 1615 307 1644 nemo
345 1600 437 1644 fere
475 1598 796 1651 infitiabitur.²)
857 1598 1011 1655 Quid?
1069 1598 1230 1643 Nonne
1265 1600 1363 1643 iure
1399 1600 1627 1654 miramur,

178 1670 295 1725 quod
331 1669 449 1713 idem
486 1669 754 1714 vocabulum
792 1670 1049 1726 saepissime
1088 1666 1208 1726 apudv
1242 1670 1491 1714 Homerum
1528 1686 1629 1715 cum

177 1739 405 1784 infinitivo
437 1740 722 1784 coniunctum
755 1740 972 1794 videmus,
1018 1754 1283 1796 quamquam
1317 1740 1573 1785 infinitivus
1603 1756 1630 1785 a

178 1810 503 1865 praepositione
534 1812 630 1853 sive
659 1811 841 1853 notione
871 1810 1117 1854 adverbiali
1147 1810 1344 1866 pendens
1372 1812 1628 1866 ceteroquin

178 1894 204 1922 a
233 1879 426 1923 dictione
456 1879 698 1923 Homerica
725 1879 965 1923 abhorret?
1024 1878 1256 1935 Quomodo
1285 1879 1425 1937 igitur
1454 1880 1502 1925 in
1532 1881 1630 1938 ipsa

177 1949 397 2005 particula
425 1950 508 2004 πρίν
538 1964 646 1992 usus
676 1955 770 1992 tam
799 1950 972 2005 amplus
1003 1963 1053 1992 ae
1082 1949 1321 2004 multiplex
1349 1950 1629 2005 explicatur?

178 2016 444 2070 Bernhardy
457 2018 493 2068 ³)
524 2018 804 2061 infinitivum
834 2033 890 2061 ex
929 2018 1065 2062 verbo
1096 2018 1271 2061 dicendi
1302 2018 1376 2061 vel
1407 2019 1630 2063 sentiendi

177 2086 370 2143 pendere
405 2087 616 2131 statuisse
648 2087 842 2141 videtur,
874 2087 990 2144 quod
1020 2102 1069 2131 re
1101 2101 1210 2131 vera
1231 2102 1476 2143 numquam
1495 2102 1629 2145 appo-

178 2156 314 2200 situm
359 2157 408 2200 in
453 2158 777 2202 sententiarum
820 2172 993 2203 conexu
1035 2158 1184 2201 lateat.
1252 2158 1404 2201 Aliam
1449 2158 1630 2215 ellipsin

177 2227 355 2284 Herzog
367 2226 403 2278 ⁴)
442 2229 615 2283 statuit,
660 2229 738 2285 qui
766 2228 1043 2273 infinitivum
1081 2227 1211 2271 modo
1251 2228 1453 2281 subiecti,
1497 2228 1629 2272 modo

294 2393 321 2439 l)
361 2393 493 2430 Ludw.
533 2394 664 2441 Lange
677 2422 686 2440 ‚
740 2393 808 2431 der
856 2394 996 2431 homer.
1039 2393 1239 2431 Gebrauch
1284 2394 1352 2430 der
1390 2393 1560 2431 Partikel
1583 2390 1628 2437 εἷ,

176 2451 333 2497 Leipzig
355 2451 457 2497 1872,
480 2462 569 2498 pag.
593 2453 672 2490 215.

292 2509 322 2553 2)
346 2507 511 2554 Richter,
534 2509 557 2544 l.
582 2509 605 2545 l.
630 2520 718 2556 pag.
743 2510 868 2545 9-26.

291 2566 322 2614 3)
346 2565 570 2615 Bernhardy
601 2566 985 2614 (Wissenschaffliche
1013 2566 1158 2616 Syutax
1194 2565 1262 2604 der
1291 2565 1431 2614 grieeh.
1463 2566 1631 2615 Spraehe

176 2635 265 2671 pag.
295 2625 377 2668 368)
408 2624 518 2660 dicit:
566 2626 887 2670 ‚Parenthetisehe
924 2624 1136 2661 Infinitiven
1170 2624 1339 2661 beruhen
1369 2625 1439 2660 auf
1465 2625 1534 2661 der
1564 2626 1632 2661 Er-

178 2693 376 2730 gaenzung
407 2682 509 2720 eines
540 2683 777 2732 subJeetiven
807 2682 1004 2731 Begriffes‚
1040 2684 1141 2719 etwa
1171 2676 1276 2733 λέγω
1313 2682 1407 2720 oder
1444 2679 1629 2735 ἡγοῦμαι;

178 2742 363 2788 gueltig
397 2752 555 2777 waren
590 2740 693 2778 hier
725 2753 794 2779 am
825 2743 1025 2779 meisten
1056 2738 1163 2792 πρίν
1193 2740 1285 2777 und
1314 2737 1388 2782 ὡς.
1438 2741 1493 2778 Cf.
1518 2743 1631 2779 etiam

177 2810 265 2848 pag.
292 2799 384 2838 400.ί

293 2858 323 2903 4)
347 2858 391 2894 N.
417 2856 506 2894 Jbb.
531 2855 555 2892 f.
581 2856 674 2892 Phil.
698 2868 734 2892 u.
759 2858 874 2894 Paed.
924 2858 1037 2895 CVII.
1061 2869 1149 2905 pag.
1175 2859 1229 2894 17.
