1836 3175
764 768 971 834 caput
1005 768 1049 819 L

377 906 440 947 De
473 916 549 947 usu
583 904 763 946 infinitivi
796 916 818 946 a
850 904 933 958 πρίν
964 904 1170 957 particula
1203 902 1427 957 pendentis

550 983 833 1037 Thucydideo
864 986 907 1026 et
934 983 1257 1038 Xenophonteo.

220 1181 248 1238 ξ
273 1181 307 1224 1.
350 1181 427 1224 De
461 1180 676 1236 origine
707 1180 995 1223 infinitivi
1026 1194 1143 1223 cum
1173 1181 1276 1235 πρίν
1306 1180 1585 1236 particula

748 1249 1054 1292 coniuncti.

293 1340 531 1385 Materiam
576 1354 750 1385 omnem
803 1340 947 1398 legem
993 1340 1213 1397 quandam
1257 1341 1447 1399 logicam
1492 1348 1623 1398 atque

178 1411 437 1453 historicam
467 1411 709 1465 respiciens
741 1410 917 1465 digessi.
979 1411 1134 1453 Primo
1170 1412 1310 1467 igitur
1348 1411 1445 1454 loco
1475 1412 1628 1454 infini-

177 1479 322 1523 tivum
353 1493 453 1523 cum
483 1479 566 1534 πηοίν
604 1478 824 1535 particula
865 1478 1070 1536 iunctum
1111 1478 1324 1532 tractabo,
1370 1478 1529 1523 deinde
1574 1479 1627 1523 de

175 1549 433 1599 indicativo,
480 1554 704 1603 postremo
751 1548 804 1591 de
841 1549 1127 1592 coniunctivo
1158 1549 1446 1603 optativoque
1476 1547 1627 1603 dispu-

177 1618 292 1663 tabo.
325 1643 378 1649 —
397 1616 504 1679 *Sed
531 1623 769 1674 antequam
797 1618 855 1661 ad
874 1633 969 1662 rem
988 1619 1133 1675 ipsam
1158 1618 1389 1676 aggrediar
1409 1618 1627 1662 nonnulla

175 1689 301 1743 quasi
331 1689 546 1744 prooemii
577 1689 673 1731 loco
712 1689 824 1732 mihi
863 1688 1068 1744 ponenda
1112 1695 1230 1731 sunt.
1292 1688 1482 1731 Missam
1512 1688 1625 1731 facio

176 1758 491 1815 etymologiam
536 1758 780 1814 particulae
825 1759 920 1813 πρίν,
975 1757 1028 1801 de
1082 1750 1168 1814 qua
1213 1772 1312 1801 cum
1357 1757 1586 1810 Richtero,
1598 1758 1625 1809 ¹)

176 1828 418 1879 Prausio,‘·’)
448 1827 645 1871 Luethio
659 1829 693 1877 ³)
725 1828 966 1879 consentio,
998 1828 1073 1883 qui
1095 1827 1305 1870 Curtium
1318 1827 1354 1877 4)
1384 1829 1525 1870 secuti
1547 1829 1629 1883 πρίν

175 1912 231 1941 ex
274 1897 576 1953 comparativo
607 1904 740 1952 προϊον
783 1903 931 1940 ortum
970 1902 1188 1941 statuunt.
1249 1896 1628 1941 Perscrutandum

176 1972 326 2010 autem
355 1973 435 2018 est,
476 1966 694 2021 quomodo
731 1967 900 2010 factum
935 1967 1008 2018 sit,
1048 1972 1100 2009 ut
1136 1968 1218 2021 πρίν
1249 1967 1468 2023 particula
1496 1966 1627 2010 modo

174 2036 467 2089 infinitivum,
498 2035 629 2081 modo
663 2035 849 2081 verbum
878 2037 1060 2080 finitum
1090 2037 1338 2080 ascisceret.
1399 2036 1628 2081 Infinitivi

175 2112 400 2149 structura
444 2107 651 2162 quoniam
697 2106 815 2162 apud
855 2100 1105 2150 Homerum
1140 2106 1346 2149 omnibus
1387 2106 1481 2149 fere
1518 2107 1628 2149 locis

175 2175 307 2219 unica
335 2175 587 2229 adhibetur,
619 2176 818 2220 omnium
850 2190 1069 2220 consensu
1089 2175 1399 2231 antiquissima
1424 2174 1626 2219 habetur.

175 2245 297 2288 Haec
342 2247 541 2301 quaestio
587 2245 664 2289 diu
708 2246 989 2302 multumque
1033 2246 1197 2297 iactata
1240 2259 1322 2288 nec
1358 2245 1412 2287 ab
1442 2245 1511 2297 iis,
1552 2246 1629 2300 qui

176 2320 307 2358 antea
351 2316 434 2370 πρίν
480 2315 726 2372 particulae
771 2330 900 2359 usum
946 2315 1281 2371 disquirendum
1321 2321 1625 2371 susceperunt,

174 2383 378 2441 neglecta
407 2385 523 2440 quod
554 2400 580 2428 a
615 2400 685 2428 me
722 2391 998 2440 recoquatur,
1045 2386 1138 2428 sint
1181 2384 1371 2427 fortasse
1409 2384 1485 2438 qui
1503 2384 1627 2426 mihi

176 2453 412 2510 opprobrio
444 2461 638 2499 vertant.
701 2455 792 2500 Sed
822 2470 959 2511 quum
987 2455 1035 2498 in
1073 2455 1272 2498 animum
1309 2453 1517 2497 inducere
1552 2467 1628 2496 ne-

176 2537 334 2579 queam
363 2529 414 2566 ut
443 2524 491 2566 in
522 2526 726 2580 priorum
757 2525 1041 2581 opinionibus
1072 2525 1359 2580 acquiescam,
1407 2538 1628 2578 quumque

294 2673 321 2715 l)
346 2672 511 2718 Richter,
536 2665 606 2708 1.*1.
632 2684 720 2719 pag.
747 2675 778 2709 6.

292 2733 321 2774 2)
346 2732 500 2776 Prause,
525 2731 546 2767 l.
573 2732 595 2767 l.
620 2743 708 2777 pag.
734 2733 766 2767 2.

290 2790 320 2829 3)
347 2789 477 2834 Lueth‚
502 2790 524 2825 l.
550 2790 572 2825 l.
598 2801 686 2835 pag.
711 2791 743 2825 6.

290 2848 320 2894 4)
347 2847 509 2893 Curtius,
536 2847 763 2893 Grundziigc
788 2857 816 2882 s.
843 2858 878 2882 v.
