1836 3175
195 232 251 279 36

193 361 290 404 sive
318 352 635 417 perficiendam
655 359 711 402 ad
731 359 938 401 effectum
958 357 1137 401 venisse
1157 357 1254 401 sive
1278 362 1512 401 venturam
1533 370 1643 400 esse.

198 428 501 473 Sententia
558 428 735 485 igitur
790 426 1057 482 primaria
1115 433 1466 483 comparatur
1525 441 1645 470 cum

196 499 536 542 secundaria.
598 496 740 549 (Τοῦτο
785 495 828 551 ἦν
873 496 956 551 πρὶν
1001 494 1093 535 ἄλλο
1139 510 1173 535 τι
1216 495 1452 551 γενέσθαι.)
1492 493 1646 539 Gom-

194 568 411 624 paratio
448 572 516 611 est
554 571 606 609 ut
644 566 709 609 ita
747 565 891 608 dicam
929 567 1302 623 progressiva.
1372 565 1529 623 Longe
1559 565 1647 608 alia

193 638 306 681 ratio
337 637 502 680 existat
538 649 721 679 necesse
758 641 827 679 est
867 636 1007 680 verbo
1037 636 1168 680 finito
1203 636 1416 680 adhibito.
1477 636 1646 679 Actio

193 712 289 749 aut
332 720 390 749 re
431 718 569 748 vera
612 704 764 748 facta
800 705 889 749 vel
927 705 1184 750 facienda
1225 712 1317 750 aut
1361 712 1510 750 certe
1555 720 1646 749 ex-

191 779 451 830 spectata
480 774 828 830 exprimitur.
874 773 1020 827 (Τοῦτο
1050 775 1094 832 ἦν
1126 777 1223 820 sive
1253 775 1325 816 οὐκ
1353 775 1409 831 ἦν,
1441 776 1523 830 πρὶν
1554 774 1645 815 ἄλλο

192 859 226 884 τι
280 842 473 897 ἐγένετο.)
556 841 860 888 Sententia
911 845 1241 889 secundaria
1291 851 1646 902 comparatur

191 926 306 955 cum
350 913 641 968 primaria3
693 915 1038 969 comparatio
1084 920 1169 958 est
1216 916 1551 972 regressiva.
1594 939 1642 944 -

188 982 273 1024 His
303 981 437 1024 rebus
482 983 713 1038 perpensis
752 982 882 1026 facile
924 983 1210 1039 perspicitur·
1236 983 1506 1027 adminiculo
1552 998 1647 1027 cor-

188 1050 432 1103 relationis,
475 1065 562 1107 quo
593 1056 639 1095 et
676 1051 869 1095 Richter
905 1058 950 1095 et
986 1052 1157 1096 Prause
1197 1058 1242 1096 et
1271 1053 1424 1096 Lueth
1455 1053 1510 1096 ad
1544 1067 1647 1097 con-

186 1120 429 1162 iunctionis
460 1122 543 1176 τφίν
574 1121 793 1178 originem
832 1121 1141 1176 explicandam
1172 1127 1375 1174 utuntur,
1413 1136 1504 1164 non
1536 1136 1645 1177 opus

187 1203 295 1233 esse.
353 1188 580 1244 Quidnam
620 1205 776 1234 causae
812 1190 951 1234 fuisse
988 1190 1272 1244 arbitremur,
1312 1205 1391 1235 cur
1421 1191 1646 1248 extemplo

187 1274 243 1302 ex
274 1260 503 1304 infinitivo
534 1275 560 1303 a
589 1262 673 1315 πρίν
707 1261 929 1317 particula
963 1261 1178 1317 pendenti
1216 1261 1448 1304 emerserit
1490 1261 1646 1304 modus

187 1329 347 1385 aliquis
385 1330 573 1374 finitus?
633 1331 921 1387 Maximeque
959 1331 1142 1375 illorum
1180 1331 1382 1375 virorum
1413 1345 1646 1388 argumen-

186 1400 348 1443 tationi
371 1414 424 1443 ea
447 1414 518 1443 res
542 1400 705 1454 obstat,
736 1400 855 1457 quod
869 1401 918 1443 in
944 1400 1200 1456 primordiis
1230 1400 1351 1443 modi
1381 1401 1501 1443 finiti
1531 1400 1648 1456 apud

186 1469 435 1513 Homerum
465 1470 802 1526 Hesiodumque
831 1470 1074 1527 geminatio
1105 1469 1350 1525 particulae
1381 1471 1476 1524 πρίν,
1516 1483 1648 1524 quam

186 1539 407 1594 optimum
438 1539 747 1583 correlationis
787 1544 949 1583 testem
985 1543 1160 1594 putant,
1202 1539 1347 1581 rarius
1383 1553 1469 1581 usu
1508 1538 1646 1581 venit.

305 1607 441 1666 Apud
484 1609 726 1665 scriptores
772 1618 975 1666 posteros
1020 1609 1104 1663 πρίν
1143 1608 1285 1665 magis
1329 1608 1557 1665 magisque
1598 1608 1647 1650 in

189 1683 331 1721 certos
389 1679 719 1722 coniunctionis
778 1679 891 1721 fines
949 1691 1045 1721 sese
1104 1678 1345 1720 contraxit.
1428 1676 1645 1730 Quamvis

188 1747 430 1804 scriptores
460 1747 606 1792 Ionici
637 1752 683 1792 et
708 1747 965 1791 Atticorum
1001 1745 1161 1802 tragici
1198 1760 1536 1803 nonnumquam
1565 1746 1647 1801 πρίν

187 1817 458 1860 vocabulum
502 1818 615 1861 meri
661 1817 864 1861 adverbii
908 1818 1005 1860 loco
1059 1831 1196 1871 aeque
1241 1831 1292 1859 30
1336 1817 1528 1871 πρότερον
1574 1816 1648 1858 ad-

188 1885 432 1939 hibuerint,
473 1891 624 1930 tamon
663 1886 789 1930 nullo
828 1886 926 1930 1000
963 1886 1218 1942 exemplum
1264 1886 1357 1929 illis
1395 1885 1647 1929 Homericis

187 1957 334 1999 simile
372 1961 534 2008 exstat,
581 1957 646 2000 ita
689 1962 742 2000 ut
779 1957 862 2010 πρίν
908 1970 1081 1998 1110111111
1127 1954 1390 1998 adverbium
1431 1956 1479 1997 in
1518 1955 1648 1997 initio

187 2025 411 2068 enuntiati
433 2025 641 2082 ‘positum
672 2025 727 2069 ad
758 2025 1030 2069 sententiam
1061 2023 1397 2068 antecedentem
1424 2024 1645 2080 respiciat.

186 2093 324 2150 Apud
368 2083 612 2151 scriptores
661 2095 922 2138 Atticorum
976 2093 1205 2150 pedestres
1258 2093 1521 2136 adverbium
1567 2094 1649 2148 πρίν

187 2163 279 2207 fere
339 2178 523 2221 prorsus
584 2165 781 2209 evanuit.
874 2163 1160 2220 Thucydides
1220 2163 1411 2218 quidem,
1479 2163 1649 2218 priscae

188 2234 455 2278 elocutionis
468 2240 770 2287 conservator,
788 2233 1017 2278 interdum
1027 2231 1110 2288 πρίν
1119 2232 1438 2276 adverbialiter
1454 2232 1648 2284 adhibet,

188 2303 242 2349 cf.
273 2303 311 2358 Ι,
343 2303 413 2358 90,
439 2304 483 2359 1;
514 2305 603 2359 ΠΙ,
640 2303 705 2359 13,
729 2303 777 2358 6;
808 2305 896 2357 ΙΙΙ,
929 2304 998 2357 51,
1021 2302 1182 2357 2;·1V‚
1215 2301 1284 2355 21,
1318 2302 1360 2355 1;
1392 2301 1475 2354 VI,
1515 2301 1579 2355 10,
1602 2302 1648 2356 43

192 2372 256 2426 13,
293 2373 311 2417 1
347 2374 447 2418 alia.
509 2374 723 2418 Fortasse
761 2388 854 2417 non
894 2388 997 2417 casu
1030 2372 1220 2428 quodam
1255 2372 1422 2415 factum
1453 2377 1533 2424 est,
1574 2372 1651 2414 sed

187 2443 374 2487 consilio
405 2443 653 2500 scriptoris,
685 2449 738 2488 ut
761 2444 810 2487 in
831 2443 987 2487 Niciae
1009 2443 1210 2487 oratione
1240 2441 1340 2493 (VI,
1372 2440 1533 2492 9—14)
1564 2441 1649 2485 duo

188 2511 319 2556 huius
374 2512 579 2558 adverbii
628 2515 712 2569 πρίν
763 2513 971 2569 exempla
1019 2512 1324 2556 inveniantur.
1399 2510 1552 2553 Etiam
1602 2510 1650 2553 in

189 2582 506 2638 epigrammate
552 2583 748 2640 Hermae
795 2582 971 2626 cuidam
1015 2583 1247 2637 inscripto,
1294 2580 1410 2636 quod
1441 2580 1558 2622 idem
1602 2580 1650 2621 in

189 2649 375 2696 Anthol.
417 2651 563 2696 Palat.
602 2652 686 2705 VI,
735 2649 818 2695 138
857 2656 1089 2695 servatum
1135 2657 1216 2703 est,
1263 2650 1525 2694 adverbium
1568 2649 1650 2701 πρίν

187 2725 348 2765 exstat.
359 2721 387 2773 ¹)
426 2720 683 2775 Distichon,
703 2720 822 2777 quod
834 2720 1148 2763 Kirchhoffius
1167 2720 1415 2776 scripturae
1431 2718 1651 2761 rationem

305 2868 331 2914 1)
355 2868 550 2908 Invenitur
573 2870 612 2907 in
637 2869 751 2918 Corp.
778 2869 889 2906 inser.
915 2868 995 2905 Att.
1019 2868 1049 2914 I,
1073 2868 1141 2904 381
1168 2870 1269 2913 (pag.
1297 2866 1389 2912 184).
