1836 3175
1587 209 1637 255 13

1233 286 1253 310 0
1582 306 1589 313 .

192 343 311 391 sunt,
342 337 513 383 duobus
542 338 749 383 terminis
769 335 1088 381 circumclusit.
1139 334 1291 381 Simili
1310 337 1483 380 ratione
1502 337 1639 381 inter-

192 407 400 462 pretandi
443 415 552 452 sunt
596 408 684 451 loci
730 407 793 460 II,
828 404 895 459 13,
930 405 949 449 1
983 410 1029 448 et
1057 405 1121 458 H,
1152 403 1221 458 56,
1257 405 1294 449 1.
1353 405 1469 449 Nam
1504 420 1641 461 quum

191 475 239 519 in
258 477 482 533 prioribus
505 477 617 520 locis
637 476 858 520 infinitivi
877 489 905 518 a
923 476 1006 530 πρίν
1026 474 1248 531 particula
1276 474 1520 532 pendentes
1542 489 1642 519 cum

191 545 415 591 adverbiis
460 547 561 591 sive
612 544 872 589 notionibus
925 543 1245 600 temporalibus
1289 542 1434 596 (ἔτεσιν
1479 543 1642 600 ὕστερον

192 614 332 656 ἑκατὸν
362 615 388 671 ἦ
415 614 531 675 θεῆἐν
562 614 609 655 δὲ
639 612 785 669 τούτῳ)
815 619 1143 666 concurrerent,
1174 613 1246 657 his
1268 613 1322 657 de
1342 613 1503 669 quibus
1523 627 1643 657 nunc

191 684 411 741 agendum
455 690 525 728 est
567 684 678 727 locis
724 697 826 727 cum
873 683 1134 753 participiis,
1177 682 1339 739 quibus
1380 683 1495 726 ratio
1525 683 1644 726 inest

191 754 462 811 temporalis,
494 753 622 808 quasi
651 752 701 795 in
730 758 956 796 certamen
986 753 1187 797 veniunt.
1241 753 1353 796 Loci
1374 752 1499 809 digni
1522 760 1642 805 sunt,

191 838 300 879 quos
330 823 473 867 fusius
504 821 819 867 describamus

305 894 368 946 II,
404 891 469 945 13,
504 893 547 937 1:
587 890 644 933 ἔτι
673 892 720 933 δὲ
749 895 825 933 τῶν
852 893 1163 949 Πελοποννησίων
1193 892 1483 948 ξυλλεγομένων
1521 909 1565 935 τε
1602 894 1646 938 ἐς

192 963 257 1003 τὸν
295 963 434 1018 ἰσθμὸν
463 963 527 1002 καὶ
569 961 610 1002 ἐν
647 959 730 1018 ὀδῷ
770 961 904 1010 ὄντων,
942 964 1024 1019 πρὶν
1061 962 1244 1015 ἐσβαλεῖν
1283 962 1328 1007 ἐς
1362 962 1427 1018 τὴν
1466 961 1643 1019 Ἀττικήν,

199 1032 386 1087 Περικλῆς
412 1032 435 1071 ὁ
466 1030 683 1071 Ξανθίππου
712 1056 771 1062 -
799 1032 1044 1088 προηγόρευε
1073 1047 1110 1073 κ.
1140 1047 1173 1073 τ.
1206 1034 1238 1073 λ.
1585 1087 1590 1091 ῃ

308 1101 370 1152 Π,
399 1099 470 1153 56,
505 1101 548 1143 1;
591 1098 648 1141 ἔτι
684 1099 721 1140 δ’
757 1100 884 1142 αὐτῶν
921 1101 962 1143 ἐν
991 1106 1050 1157 τῷ
1077 1101 1198 1156 πεδίῳ
1223 1100 1357 1149 ὄντων,
1395 1102 1478 1157 πρὶν
1508 1100 1553 1146 ἐς
1579 1101 1645 1157 τὴν

192 1171 378 1225 παραλίαν
421 1173 489 1225 γῆν
532 1170 673 1218 ἐλθεῖν,
724 1171 864 1211 ἑκατὸν
908 1174 1005 1212 νεῶν
1051 1171 1226 1212 ἐπίπλουν
1274 1176 1320 1227 τῇ
1366 1171 1644 1227 Πελοποννήσῳ

192 1240 526 1295 παρεσκευάζετο.

306 1309 362 1353 Id
389 1309 604 1365 temporis
634 1316 923 1362 momentum,
956 1325 1042 1366 quo
1072 1311 1188 1354 actio
1216 1310 1430 1366 primaria
1449 1310 1646 1366 perfecta

192 1385 272 1432 est,
294 1393 428 1435 quam
446 1384 596 1436 potest
610 1380 942 1424 accuratissime
958 1379 1207 1424 describere
1222 1379 1326 1423 vult
1342 1378 1625 1436 Thucydides
1633 1395 1644 1433 ;

191 1450 341 1505 itaque
386 1449 558 1493 duobus
599 1448 646 1492 id
687 1450 932 1493 enuntiatis
970 1449 1201 1493 notionem
1240 1449 1533 1505 temporalem
1568 1449 1646 1492 ha-

193 1518 402 1561 bentibus
444 1518 571 1573 quasi
602 1519 811 1561 cancellis
858 1518 1115 1565 circumdat.
1183 1518 1377 1561 Prorsus
1421 1518 1647 1562 reicienda

193 1594 263 1632 est
293 1587 454 1633 Oobeti
475 1590 504 1640 ¹)
534 1588 698 1645 opinio,
736 1589 814 1645 qui
842 1588 1074 1633 enuntiata
1111 1602 1138 1632 a
1167 1589 1250 1644 πρίν
1280 1588 1501 1645 particula
1538 1604 1645 1645 pen-

193 1658 358 1711 dentia,
395 1664 448 1702 ut
482 1672 593 1713 quae
623 1659 803 1702 inanem
826 1658 1115 1715 tautologiam
1147 1658 1442 1710 continerent,
1475 1658 1647 1702 duobus

193 1728 302 1773 locis
347 1734 576 1784 tamquam
620 1728 890 1785 glossemata
934 1728 1278 1772 scholiastarum
1323 1728 1452 1784 plane
1497 1728 1645 1773 delere

193 1799 352 1842 voluit.
405 1823 462 1828 —
510 1798 610 1841 Hac
660 1799 936 1855 Thucydidis
994 1798 1168 1841 ratione
1216 1802 1449 1853 perspecta
1497 1798 1646 1841 locum

191 1867 387 1925 undique
430 1873 653 1912 tenta-tum
695 1873 827 1925 atque
866 1868 1179 1926 impugnatum
1189 1866 1226 1930 ²)
1268 1865 1478 1925 (111,769‚
1510 1866 1558 1924 2)
1590 1868 1646 1912 ad

191 1938 422 1981 meliorem
451 1938 815 1994 perspicuitatem
855 1939 1110 1995 promoveri
1140 1952 1272 1994 posse
1310 1943 1432 1994 puto.
1494 1937 1647 1980 Verba

192 2013 299 2052 sunt
336 2007 465 2052 haec:
511 2006 722 2062 ἐβούλοντο
752 2008 830 2065 γὰρ
868 2009 906 2050 οἱ
934 2008 1236 2064 Λακεδαιμόνιοι
1272 2005 1317 2053 ἐς·
1344 2007 1413 2064 τὴν
1443 2002 1646 2064 Κέριὲυραν

192 2079 352 2118 πλεῦσαι
413 2078 699 2126 στασιάζουσαν
756 2078 918 2120 δώδεκα
971 2078 1046 2133 μὲν
1103 2078 1212 2118 ναυσὶ
1257 2078 1396 2133 μόναις
1446 2078 1646 2134 παρόντων

185 2146 401 2203 Ἀθηναίων
427 2148 513 2203 περὶ
542 2147 780 2196 Ναύπακτον,
811 2149 893 2204 πρὶν
923 2147 971 2188 δὲ
1000 2147 1115 2189 πλέον
1144 2164 1179 2188 τι
1209 2146 1465 2202 ἐπιβοηθῆσαι
1495 2147 1542 2188 ἐκ
1571 2150 1647 2188 τῶν

186 2214 359 2271 Ἀθηνῶν
389 2216 575 2265 ναυτικόν,
606 2217 713 2262 ὅπως
740 2217 1019 2272 προφθάσωσι.

308 2285 412 2329 Duo
456 2286 657 2329 membra
700 2287 820 2330 inter
859 2301 907 2330 se
946 2278 1265 2343 respondentia
1290 2286 1410 2329 haud
1447 2285 1645 2337 dubium,

194 2354 302 2410 quin
346 2355 579 2411 particulis
623 2355 697 2411 μέν
716 2381 774 2387 -
794 2355 844 2397 δέ
890 2355 1156 2400 indicentur.
1234 2355 1487 2399 Enuntiato
1539 2369 1645 2399 vero

168 2438 220 2465 ⁴a
248 2425 330 2478 πρίν
360 2426 583 2480 particula
618 2425 830 2482 pendenti
871 2426 1101 2469 notionem
1140 2425 1353 2481 temporis
1384 2425 1531 2467 inesse
1562 2425 1643 2468 vix

193 2493 425 2549 quisquam
482 2493 768 2540 infitiabitur.
858 2496 1016 2552 Itaque
1082 2495 1273 2539 aliorum
1338 2494 1645 2551 exemplorum

194 2563 490 2606 similitudine
548 2564 766 2608 adductus
826 2566 961 2609 etiam
1019 2566 1068 2608 in
1133 2564 1369 2621 participio
1428 2564 1646 2618 (παρόντων

313 2735 340 2780 1)
365 2735 537 2772 Ann.·ad
561 2736 702 2783 Hyper.
727 2747 815 2783 pag.
840 2737 896 2774 59.

310 2794 338 2838 2)
363 2793 421 2829 De
439 2794 709 2830 controversiis
726 2795 913 2832 editorum
937 2795 1187 2832 recentiorum
1210 2794 1299 2831 vide
1322 2795 1441 2842 Popp.
1459 2798 1498 2830 et
1524 2794 1644 2830 Class.

194 2851 245 2889 ad
268 2850 365 2887 hunc
388 2851 520 2887 locum.
