1836 3175
191 202 249 246 44

193 335 373 387 postero
421 330 598 393 legitur,
650 330 705 373 ad
753 329 934 385 ellipsin
990 334 1093 384 post
1140 329 1224 383 πρίν
1283 328 1644 374 coniunctionem

194 400 477 444 statuendam
514 398 833 442 revocabimus.
898 395 1017 450 Quid
1045 410 1166 449 vero,
1198 396 1316 451 quod
1344 396 1432 449 III,
1475 396 1569 450 101,
1601 396 1641 450 2,

193 485 331 524 quum
369 468 600 512 antecedat
635 468 700 507 καὶ
733 465 844 506 Ὺαῖοι
880 465 952 505 οὐκ
989 464 1135 506 ἔδοσαν
1170 466 1354 520 ὁμήρους,
1392 466 1474 520 πρὶν
1517 466 1643 507 αὐτῶν

194 539 293 583 εἷλον
322 537 465 592 κώμην,
503 536 652 579 vicum
683 540 863 590 captum
902 534 1164 590 obsidesque
1194 534 1321 578 datos
1352 548 1448 577 esse
1478 534 1643 578 diserte

192 622 282 651 non
312 611 531 657 narratur,
564 603 641 647 sed
672 604 754 647 hac
784 604 933 660 ellipsi
959 619 1016 648 ne
1045 604 1140 648 ulla
1168 604 1347 660 quidem
1367 619 1476 649 voce
1507 605 1643 662 signi—

191 678 323 719 ficata
343 672 624 730 Thucydides
651 673 798 730 pergit
828 673 899 737 his
930 673 1080 717 verbis
1110 673 1242 730 ἐπειδὴ
1272 673 1319 715 δὲ
1348 673 1643 716 κατεσκεύαστο

190 746 310 785 πάντα
339 744 418 783 καὶ
447 742 562 786 τοὺς
589 742 809 797 ὁμήρους·
837 742 1112 784 κατέθεντο
1144 744 1188 789 ἐς
1216 745 1395 792 Κυτίνιον,
1427 759 1563 800 aeque
1593 759 1643 788 ac

189 815 228 857 si
248 813 464 870 scriptum
485 816 604 855 esset
624 815 773 855 antea:
805 811 888 852 ἐπεὶ
919 812 1045 853 αὐτῶν
1076 814 1176 854 εἷλον
1196 813 1342 870 κώμην,
1362 812 1408 854 Ὺ
1401 817 1478 855 αἴοι
1497 811 1643 855 ἔδοσαν

188 884 370 939 ὁμήρους.
430 882 585 926 Etiam
615 882 677 925 ad
690 882 840 925 locum
870 883 927 935 V,
960 882 1027 936 61,
1064 883 1081 927 1
1107 884 1223 928 hanc
1243 885 1464 929 rationem
1494 885 1643 929 valere

187 967 238 995 ea
282 967 329 994 re
375 952 532 1004 elucet,
578 951 696 1007 quod
740 953 909 995 factum
954 953 1259 1010 subsequitur:
1310 955 1375 994 καὶ
1424 952 1560 1010 ἔλεγον
1606 956 1645 995 οἱ

180 1021 388 1077 Ἀθηναῖοι.
448 1021 746 1079 Negationem
784 1023 924 1079 igitur
972 1024 1171 1067 videmus
1217 1024 1386 1080 aliquid
1430 1025 1642 1069 rhetorici

187 1091 362 1144 habere,
415 1092 628 1147 quoniam
678 1093 949 1135 sententiam
1000 1108 1091 1136 non
1138 1093 1318 1137 omnino
1367 1100 1513 1150 negat,
1566 1094 1643 1138 sed

188 1177 325 1219 usque
370 1162 425 1205 ad
470 1162 518 1206 id
563 1168 740 1210 tantum
786 1164 1001 1219 temporis
1049 1169 1338 1217 momentum,
1390 1180 1476 1220 quo
1526 1166 1642 1209 actio

187 1231 447 1275 secundaria.
475 1232 531 1275 ad
562 1233 770 1275 effectum
802 1233 939 1276 venit.
1003 1232 1127 1287 Quae
1159 1234 1426 1289 simulatque
1446 1234 1643 1290 perfecta

187 1306 265 1353 est,
304 1302 420 1344 actio
459 1302 674 1357 primaria
719 1316 775 1344 ex
815 1308 936 1345 statu
972 1303 1183 1358 negativo
1229 1303 1277 1345 in
1319 1303 1642 1346 affirmativum

188 1371 362 1414 transit.

301 1442 400 1498 Age
434 1455 541 1484 vero
575 1440 630 1484 ad
661 1441 839 1498 singula
860 1440 1076 1496 quaedam
1109 1442 1339 1485 tractanda
1369 1442 1639 1486 accedamus.

189 1510 576 1565 Quemadmodum
607 1511 890 1569 Thucydides
927 1517 1030 1554 ante
1075 1512 1354 1556 infinitivum
1399 1527 1641 1568 numquam

187 1583 376 1639 πρότερον
415 1608 473 1614 —-
510 1585 605 1638 πρίν,
651 1582 730 1626 sed
768 1587 846 1626 aut
882 1585 964 1638 πρίν
1005 1582 1150 1626 solum
1188 1588 1266 1625 aut
1303 1583 1494 1637 πρότερον
1531 1607 1589 1612 -
1619 1582 1643 1637 ἤ

184 1668 348 1710 ponere
380 1653 506 1706 solet,
547 1657 598 1696 ut
628 1667 725 1709 pag.
758 1651 813 1696 20
845 1652 1196 1704 observavimus,
1237 1652 1300 1695 sic
1337 1667 1394 1695 ne
1432 1654 1641 1709 negativo

185 1723 365 1779 quidem
398 1723 632 1767 enuntiato
654 1722 958 1775 antecedente,
990 1737 1077 1778 qua
1097 1728 1166 1765 est
1185 1722 1420 1774 brevitate,
1452 1722 1642 1778 πρότερον

184 1794 230 1837 in
263 1792 434 1837 deliciis
474 1792 620 1837 habet.
683 1792 800 1835 Nam
840 1792 1010 1837 duobus
1051 1798 1228 1836 tantum
1267 1792 1377 1836 locis
1408 1793 1470 1845 II,
1515 1791 1583 1845 65,
1616 1791 1641 1836 3

184 1869 229 1906 et
266 1864 323 1915 V,
360 1864 426 1916 10,
460 1862 485 1906 9
524 1862 570 1902 οὐ
600 1862 792 1917 πρότερον
826 1887 875 1892 -
909 1864 991 1917 πρίν
1029 1862 1256 1914 adhibuit,
1298 1877 1487 1917 quorum
1529 1862 1643 1904 alter

186 1932 269 1988 (ΙΙ,
303 1932 372 1984 65,
404 1931 449 1984 3)
490 1932 730 1975 formulam
772 1933 1031 1989 saepissime
1071 1936 1332 1988 usurpatam
1369 1931 1414 1971 οὐ
1453 1931 1642 1986 modu—:pou

185 2001 383 2043 ἐπαύσατο
412 2027 470 2032 ——
490 2003 573 2058 πρίν
594 2001 791 2055 exhibet,
825 2003 897 2045 cui
917 2016 1160 2058 numquam
1180 2002 1272 2051 fere
1292 2001 1484 2057 πρότερον
1505 2000 1641 2045 deest.

186 2072 356 2116 Contra
416 2073 502 2116 duo
551 2072 826 2115 nominanda
878 2077 984 2115 sunt
1023 2072 1240 2127 exempla,
1293 2072 1341 2114 in
1391 2071 1552 2126 quibus
1598 2070 1642 2110 οὐ

184 2143 375 2198 πρότερον
420 2166 477 2172 -
526 2141 551 2196 ἢ
604 2156 706 2185 cum
754 2141 999 2185 indicativo
1051 2142 1354 2194 consociatum
1398 2142 1641 2185 invenitur.

184 2212 340 2268 Neque
382 2212 591 2255 licentiae
635 2211 681 2254 id
727 2211 1028 2263 tribuendum,
1079 2211 1156 2254 sed
1206 2211 1321 2255 bono
1368 2210 1642 2267 Thucydidis
1684 2229 1697 2239 ·

186 2282 371 2325 consilio
413 2271 580 2325 factum
619 2295 715 2324 esse
758 2295 930 2325 censeO.
992 2281 1249 2324 Discrimen
1288 2281 1407 2324 enim
1438 2282 1643 2335 quamvis

186 2351 350 2395 subtile
386 2351 507 2394 inter
547 2350 744 2394 rationes
786 2351 999 2402 locorum,
1047 2352 1124 2406 qui
1159 2350 1205 2390 οὐ
1241 2350 1431 2405 πρότερον
1469 2375 1525 2380 -
1561 2352 1643 2406 πρίν

185 2427 231 2465 et
259 2422 335 2477 q'ui
366 2418 411 2461 οὐ
442 2421 634 2476 πρότερον
663 2446 721 2451 -
751 2420 776 2476 ἤ
804 2420 1032 2477 praebent,
1064 2420 1282 2463 interesse
1312 2419 1423 2463 mihi
1450 2419 1641 2463 videtur.

189 2489 427 2535 Structura
471 2490 701 2534 vocabulis
752 2490 798 2530 οὐ
843 2490 1034 2545 πρότερον
1079 2514 1136 2519 -
1186 2490 1268 2543 πρίν
1320 2489 1511 2532 formata
1557 2489 1643 2533 etsi

186 2561 363 2616 proprie
392 2560 604 2618 negativa
634 2565 715 2613 est,
749 2565 899 2604 tamen
929 2560 1070 2617 magis
1101 2559 1156 2603 ad
1186 2574 1368 2602 sensum
1397 2560 1643 2616 positivum

188 2630 375 2673 inclinat
412 2636 458 2674 et
502 2645 673 2674 novum
713 2630 873 2687 agendi
903 2635 1182 2674 momentum
1219 2630 1406 2682 inducit,
1447 2628 1495 2673 id
1525 2629 1643 2685 quod

188 2699 336 2755 ellipsi
366 2705 536 2744 statuta
565 2700 696 2743 modo
718 2700 1138 2743 demonstravimus.
1204 2698 1350 2754 Quam
1381 2699 1437 2743 ob
1469 2713 1565 2744 rem
1594 2698 1642 2742 in

189 2769 400 2812 continua
429 2785 579 2813 rerum
608 2775 837 2826 gestarum
858 2770 1113 2813 narratione
1134 2770 1301 2825 optime
1332 2769 1481 2812 locum
1502 2772 1638 2812 tenet.

188 2838 347 2881 Altera
378 2843 526 2882 autem
565 2839 758 2882 formula
799 2838 845 2879 οὐ
877 2840 1068 2894 πρότερον
1099 2861 1156 2868 -
1187 2837 1211 2892 ἤ
1242 2838 1325 2880 hoc
1357 2838 1463 2880 vivo
1495 2836 1642 2879 colore
