1836 3175
1616 235 1670 279 27

221 365 349 420 quasi
379 366 628 410 sententiae
657 363 894 422 primariae
924 363 1129 408 redactus
1149 362 1374 420 particeps
1405 364 1458 406 fit
1487 363 1673 407 rationis

222 434 306 477 toti
331 434 511 491 periodo
533 434 710 478 insitae.
745 433 871 478 Mera
894 434 1107 491 temporis
1128 433 1440 479 determinatio
1465 433 1674 489 quodam-

221 505 352 548 modo
387 504 649 560 reprimitur
676 503 866 547 subiecti
895 504 1042 547 studio
1069 518 1121 547 ac
1145 504 1333 547 consilio
1365 518 1460 546 rem
1482 504 1675 559 aliquam

222 574 346 629 prius
376 572 651 629 perficiendi,
678 587 810 629 quam
840 573 928 617 alia
953 573 1008 616 ad
1028 572 1235 616 effectum
1265 573 1457 616 venerit.
1517 573 1675 628 Itaque

222 643 401 686 schema
429 641 563 685 huius
594 647 845 686 structurae
874 641 960 685 hoc
990 641 1082 685 fere
1112 642 1242 685 modo
1271 641 1555 685 statuendum
1587 648 1674 685 est:

222 712 306 754 hoc
337 711 581 766 perfectum
613 727 708 755 esse
745 712 850 756 volo
881 712 999 763 (sive
1029 711 1266 764 volebam),
1298 717 1536 767 antequam
1563 712 1675 755 illud

222 781 354 823 fieret
385 781 503 836 (sive
534 781 702 824 factum
733 783 885 831 esset).
947 781 1004 823 In
1034 780 1267 822 enuntiato
1294 781 1434 837 igitur
1464 782 1676 836 primario

226 856 402 905 tempus
462 850 665 894 futurum
723 850 846 893 sive«
879 849 1072 893 similem
1128 849 1357 893 notionem
1416 851 1675 895 antecedere

226 924 575 963 consentaneum
630 924 710 962 est.
786 920 855 962 Ac
905 919 945 962 si
988 919 1212 961 enuntiati
1260 920 1462 974 primarii
1511 920 1675 962 formas

224 989 563 1043 perlustramus,
625 1002 892 1043 quamquam
949 1002 1124 1031 merum
1183 987 1384 1031 futurum
1444 1003 1674 1043 nusquam,

223 1056 513 1113 imperativus
544 1056 613 1100 bis
646 1055 762 1109 (Ἕλλ.
784 1056 865 1108 IV,
897 1055 938 1109 8,
969 1055 1027 1101 38
1056 1062 1102 1101 et
1131 1057 1226 1112 Κυρ.
1257 1058 1358 1097 παιδ.
1388 1058 1496 1107 VII,
1533 1059 1568 1109 1,
1600 1059 1677 1108 22)

222 1127 469 1178 invenitur,
491 1125 785 1189 creberrimae
801 1131 951 1170 tamen
968 1131 1076 1169 sunt
1094 1127 1301 1170 notiones
1317 1127 1677 1183 periphrasticae,

225 1198 350 1240 velut
387 1196 526 1240 verba
565 1195 769 1251 opta-ndi:
804 1194 1024 1248 βούλεσθαι
1060 1195 1152 1248 (Au.
1192 1196 1254 1248 ΙΙ,
1297 1198 1338 1248 5,
1378 1198 1404 1240 5
1414 1212 1424 1249 ;
1455 1197 1560 1237 Ἕλλ.
1590 1197 1677 1248 111,

222 1265 262 1318 3,
300 1266 350 1310 lO
381 1272 427 1309 et
456 1265 538 1318 VI,
578 1266 617 1317 5,
651 1264 724 1316 21)
763 1263 953 1321 εὔχεσθαι
989 1265 1084 1322 (Ἀν.
1116 1266 1221 1318 VII,
1265 1265 1301 1318 1,
1339 1264 1432 1322 30),
1471 1265 1680 1321 πειρᾶσθαι

222 1335 312 1387 (Ἀν.
352 1335 435 1387 IV,
486 1334 521 1386 1,
567 1334 644 1386 4),’
673 1333 853 1375 σπεύδειν
900 1333 1016 1388 (En.
1061 1336 1149 1388 III,
1200 1335 1235 1387 1,
1285 1335 1354 1388 17)
1365 1351 1376 1389 ;
1423 1336 1499 1379 vel
1542 1335 1680 1378 verba

223 1405 422 1450 iubendi:
454 1403 625 1446 κελεύειν
653 1404 771 1457 (Ἕλλ.
799 1405 881 1458 IV,
914 1406 953 1458 5,
983 1406 1065 1458 15),
1087 1406 1168 1446 δεῖν
1189 1406 1304 1461 (Κυρ.
1335 1406 1438 1446 med.
1462 1406 1525 1458 ΙΙ,
1555 1406 1594 1457 4,
1623 1405 1678 1448 25

223 1476 464 1530 et‘lmrapl.
484 1475 524 1527 4,
548 1474 594 1527 ’7)
611 1478 751 1530 χρῆναι
767 1474 856 1526 (Ἀν.
872 1476 909 1526 Ι,
931 1476 971 1527 4,
999 1475 1085 1528 14),
1108 1476 1182 1519 vel
1198 1475 1469 1519 adiectivum
1486 1475 1678 1529 verbale,

224 1551 275 1589 ut
290 1543 501 1600 πορευτέον
518 1543 611 1597 (Ἀν.
626 1543 708 1597 IV,
731 1545 770 1597 5,
798 1543 856 1596 1),
879 1544 951 1593 vel
970 1544 1157 1588 verbum
1172 1543 1363 1585 δύνασθαι
1384 1543 1504 1597 (Ἱππ.
1526 1545 1566 1597 4,
1592 1544 1677 1597 18).

339 1615 549 1670 Longum
606 1615 696 1657 erit
752 1614 902 1657 omnia
949 1615 1169 1659 infinitivi
1228 1615 1434 1671 exempla
1491 1630 1679 1670 quorum

225 1699 436 1728 numerus
468 1689 537 1727 est
571 1682 665 1736 107,
708 1683 974 1741 singillatim
1004 1698 1264 1728 enumerare
1290 1689 1423 1741 atque
1459 1686 1678 1741 persequi,

224 1769 366 1809 neque
411 1753 457 1797 id
502 1768 660 1809 operae
696 1755 892 1809 pretium
939 1755 1051 1797 mihi
1095 1769 1192 1797 esse
1230 1754 1423 1806 videtur,
1470 1757 1679 1810 quoniam

224 1838 400 1866 omnem
431 1823 522 1867 fere
551 1822 808 1879 disputandi
828 1824 1062 1870 materiem
1091 1824 1139 1867 in
1174 1824 1283 1867 locis
1306 1823 1581 1880 Thucydidis
1603 1839 1680 1867 ex-

224 1892 442 1948 plicandis
480 1893 807 1948 occupavimus.
868 1893 1027 1948 Itaque
1065 1907 1139 1936 eas
1169 1893 1389 1937 infinitivi
1431 1899 1680 1937 structuras

225 1963 474 2006 accuratius
487 1962 783 2020 investigasse
798 1963 908 2007 satis
919 1962 1196 2016 habebimus,
1215 1977 1326 2019 quae
1342 1967 1420 2006 aut
1433 1963 1680 2020 singulares

225 2037 303 2075 aut
331 2031 649 2088 Xenophontis
680 2033 887 2088 propriae
917 2038 1036 2076 sunt.

340 2101 613 2156 Plerumque
635 2102 890 2145 infinitivus
922 2116 1025 2145 cum
1054 2103 1137 2157 πρίν
1167 2102 1388 2157 particula
1419 2102 1681 2146 coniunctus

225 2170 390 2227 pendet
439 2170 493 2214 ab
543 2172 775 2215 enuntiato
829 2172 908 2214 alii
963 2186 1055 2216 non
1115 2169 1418 2215 subordinate.
1500 2172 1681 2215 Nullius

225 2246 376 2284 autem
416 2242 632 2301 momenti
671 2246 740 2284 est
776 2241 1082 2286 subordinatio
1114 2241 1232 2293 talis,
1274 2241 1418 2296 qualis
1449 2241 1681 2298 particulis

225 2311 284 2351 ὅτι
327 2310 440 2366 (Κυρ.
484 2310 587 2352 παιὸ.
632 2311 694 2363 ΙΙ,
741 2310 781 2371 4,
831 2311 907 2364 25;
953 2311 1042 2363 ΙΙΙ,
1090 2310 1130 2363 2,
1179 2310 1249 2363 12;
1288 2310 1396 2362 VII,
1433 2312 1468 2362 1,
1502 2311 1588 2363 22),
1628 2311 1686 2355 ὡς

226 2381 346 2431 (EM.
376 2382 433 2434 V,
465 2382 506 2435 2,
538 2381 628 2434 33),
667 2381 801 2435 ὥσπερ
832 2381 1005 2437 (Ἀπομν.
1037 2382 1119 2433 IV,
1152 2380 1191 2433 2,
1225 2382 1301 2434 25;
1339 2383 1459 2421 Οἰκον.
1496 2381 1558 2433 15,
1596 2381 1681 2433 10),

227 2449 332 2492 ὥστε
378 2466 480 2497 cum
523 2451 769 2497 indicativo
814 2470 866 2489 =
909 2452 1060 2509 itaque
1103 2451 1219 2507 (Κυρ.
1262 2451 1365 2492 παιδ.
1411 2451 1473 2504 II,
1519 2450 1560 2502 2,
1614 2451 1680 2503 10;

227 2520 314 2572 III,
364 2521 399 2573 1,
448 2521 535 2574 19),
583 2521 672 2562 ἐπεί
705 2540 755 2559 ==
798 2537 989 2578 namque
1035 2523 1234 2578 (Ἵππαρχ.
1266 2522 1306 2573 4,
1360 2520 1428 2574 18)
1475 2522 1682 2570 efficitur,

226 2590 436 2645 quoniam
478 2591 562 2634 hae
599 2591 844 2648 particulae
883 2592 1210 2636 coniunctionis
1248 2590 1484 2647 pendentis
1523 2595 1683 2633 natura

227 2664 364 2704 exuta
405 2660 461 2703 ad
496 2661 651 2705 modos
690 2662 913 2706 enuntiati
950 2662 1060 2718 ipsis
1106 2661 1332 2705 subiuncti
1375 2660 1546 2703 nullam
1589 2660 1681 2702 vim

228 2728 408 2773 habent.
468 2729 634 2778 Rarius
663 2731 949 2775 enuntiatum
976 2746 1025 2775 re
1055 2745 1164 2774 vera.
1193 2730 1532 2774 subordinatum
1561 2734 1681 2772 ante-

229 2798 358 2844 cedit.
429 2798 510 2844 Bis
556 2800 723 2856 pendet
765 2801 991 2845 sententia
1034 2800 1296 2845 secundaria
1349 2799 1403 2843 ab
1455 2798 1679 2842 infinitivo

230 2883 331 2913 cum
357 2869 578 2925 particula
598 2868 703 2910 ὥστε
725 2870 931 2925 copulato
955 2870 1069 2925 (Κυρ.
1090 2870 1192 2909 noted.
1212 2870 1295 2921 IV,
1327 2870 1367 2921 2,
1389 2867 1444 2912 39
1466 2876 1511 2910 et
1530 2866 1569 2918 3,
1595 2864 1678 2917 16),
