1836 3175
1560 193 1612 239 41

174 321 221 375 δή
265 319 494 377 irreperet.
562 319 732 365 Unicus
778 322 900 365 enim
941 322 1064 366 locus
1111 321 1189 377 qui
1232 322 1454 365 sententia
1496 328 1619 366 ante-

174 388 358 433 cedente
386 390 597 447 negativa
625 390 742 446 apud
772 391 1078 448 Thucydidem
1106 391 1221 435 illud
1250 391 1299 446 δὴ
1329 391 1474 443 habet,
1517 406 1620 435 con-

173 459 344 503 tinetur
380 465 613 516 praesente
651 460 865 505 historico
895 461 931 515 Ι,
975 459 1068 514 132,
1101 461 1147 504 5:
1191 459 1271 501 ἀλλ’
1313 459 1398 501 οὐδ’
1441 459 1500 504 ὣς
1525 459 1619 501 οὐδὲ

173 530 248 569 τῶν
293 530 473 569 Εἷλωτῶν
506 534 688 585 μηνυταῖς
726 546 798 571 τισι
833 530 1107 575 πιστεύσαντες
1139 530 1311 587 ἠξίωσαν
1355 531 1549 586 νεώτερόν
1588 546 1621 570 τι

171 603 289 640 ποιεῖν
319 598 364 644 ἐς·
391 599 506 641 αὐτόν
525 625 594 648 —-‚
625 603 707 656 πρίν
735 617 783 656 γε
803 601 850 656 δὴ
871 600 1002 646 αὐτοῖς
1017 626 1076 632 -
1092 601 1261 657 μηνυτὴς
1280 602 1461 656 γίγνεται.
1522 599 1623 655 Qua

172 669 345 713 ratione
375 670 591 714 subducta
622 672 919 714 coniecturam
950 671 1107 714 Haasii
1137 676 1184 714 et
1211 671 1448 727 Kruegeri‚
1489 685 1622 725 quam

174 737 377 783 Stahlius
427 741 501 785 vel
553 741 602 784 in
653 746 830 784 textum
873 741 1054 797 recepit,
1105 741 1270 784 reicere
1314 755 1407 784 non
1451 740 1619 784 dubito.

171 808 363 852 Haasius
394 810 515 853 enim
545 810 717 866 primus
734 811 762 861 ¹)
783 810 839 862 V,
864 809 932 862 61,
959 810 977 853 1
1012 824 1094 865 pro
1124 811 1206 865 τςοὶν
1236 808 1271 864 ἦ,
1301 811 1418 865 quod
1449 811 1620 861 codices

171 878 338 923 habent
366 879 421 922 ad
452 894 591 922 unum
621 893 786 931 omnes,
818 880 900 934 πρὶν
930 880 978 934 δή
1009 879 1202 923 scribere
1232 881 1473 935 proposuit.
1535 880 1622 923 Ille

137 959 148 965 ‘
171 955 320 993 autem
351 964 444 993 non
472 948 794 992 animadvertit
824 950 982 993 ceteris
1021 955 1232 1005 quattuor
1269 949 1393 1001 locis,
1433 950 1511 1005 qui
1539 950 1622 1004 πρίν

172 1033 272 1062 cum
310 1018 554 1062 indicativo
593 1019 882 1062 coniunctum
920 1024 1021 1074 post
1060 1019 1331 1061 sententiam
1368 1019 1623 1075 negativam

174 1088 401 1145 praebent,
433 1089 537 1143 πρίν
568 1088 747 1131 solum
777 1087 986 1132 inveniri.
1048 1087 1271 1144 Analogia
1303 1087 1437 1130 unius
1467 1087 1554 1130 loci
1585 1088 1621 1141 Ι,

157 1157 269 1211 ’132,
301 1159 327 1200 5
359 1172 591 1214 perperam
622 1159 819 1210 affertur,
851 1158 1060 1213 quoniam
1080 1156 1127 1211 δὴ
1157 1157 1380 1213 praesenti
1409 1156 1622 1200 historico

173 1227 373 1271 additum
396 1233 477 1270 est.
538 1228 684 1283 Magis
715 1228 855 1284 igitur
876 1227 972 1269 veri
1003 1226 1149 1269 simile
1185 1232 1295 1282 puto
1325 1240 1434 1277 esse,
1465 1226 1623 1269 ceteris

171 1297 248 1353 qui
286 1296 441 1340 aoristi
480 1296 776 1341 indicativum
812 1295 1028 1340 exhibent
1064 1295 1174 1339 locis
1215 1295 1403 1347 collatis,
1446 1295 1623 1351 Thucy—

174 1365 322 1409 didem
351 1366 487 1409 etiam
517 1366 601 1408 hoc
638 1366 748 1418 loco,
792 1366 869 1421 qui
904 1366 1014 1409 item
1043 1366 1258 1409 aoristum
1296 1366 1509 1417 continet,
1540 1366 1624 1420 πρίν

174 1436 366 1493 simplex
396 1435 640 1492 scripsisse,
672 1436 737 1479 ita
766 1441 817 1479 ut
847 1436 984 1480 verba
1020 1436 1105 1479 hoc
1134 1435 1265 1479 modo
1295 1435 1483 1493 legenda
1512 1435 1622 1478 sint:

170 1507 234 1545 καὶ
264 1506 363 1559 πρὸς
390 1506 455 1544 τὸν
486 1506 605 1559 δῆμον
643 1506 688 1544 οὐ
725 1508 918 1560 τςοοσῆγον
955 1505 1224 1560 βουλομένους
1249 1506 1500 1560 χρηματίσαι,
1541 1506 1623 1559 πρὶν

173 1575 356 1628 Μαντινῆς
383 1575 447 1613 καὶ
476 1572 602 1614 ’Ἠλεῖοι
631 1574 928 1629 κατηνάγκασαν
958 1575 1153 1629 δεόμενοι.
1212 1576 1282 1617 Ac
1312 1575 1352 1617 si
1381 1575 1479 1630 quis
1510 1574 1624 1617 illud

172 1643 196 1697 ἤ
225 1658 406 1699 prorsus
439 1643 585 1694 delere
615 1640 881 1687 temeritatis
912 1659 1008 1687 csse
1043 1644 1186 1697 ducat,
1232 1644 1320 1687 alio
1356 1644 1453 1688 loco
1490 1643 1622 1696 VIII,

177 1712 270 1763 105,
303 1712 343 1764 2,
387 1713 464 1755 ubi
494 1713 741 1756 Vaticanus
784 1714 923 1757 codex
963 1715 1045 1769 πρὶν
1084 1713 1109 1769 ἧ
1147 1713 1294 1766 habet,
1343 1713 1487 1757 critici
1532 1713 1624 1757 fere

173 1796 324 1826 omnes
356 1784 438 1837 πρίν
469 1783 660 1839 simplex
692 1783 997 1827 restituerunt.

286 1853 383 1895 Iam
421 1852 612 1896 alterum
650 1853 865 1896 indicium
901 1867 1121 1904 eruamus,
1158 1866 1245 1907 quo
1284 1852 1422 1895 totius
1453 1852 1625 1908 periodi

172 1936 391 1965 summam
420 1923 469 1965 in
499 1923 730 1966 enuntiato
761 1938 787 1966 a
816 1924 898 1978 πρίν
929 1922 1241 1966 coniunctione
1271 1921 1482 1977 pendenti
1502 1923 1625 1965 cerni

172 1991 516 2035 demonstretur.
594 1991 855 2036 Sententiae
909 1994 973 2035 ita
1023 1992 1354 2043 continuantur,
1405 1991 1534 2035 velut
1582 1992 1622 2034 si

172 2061 454 2104 enuntiatum
499 2063 583 2116 πρίν
629 2062 941 2105 coniunctione
984 2061 1218 2104 inductum
1263 2060 1534 2104 sent-entiam
1577 2061 1625 2104 in

172 2134 267 2173 tota
296 2130 479 2185 periodo
511 2130 815 2175 dominantem
856 2132 1095 2174 contineat.
1156 2129 1319 2173 Tribus
1359 2130 1477 2172 enim
1515 2130 1624 2172 locis

172 2201 208 2251 I,
239 2196 308 2251 51,
340 2199 366 2242 2
378 2215 390 2252 3
429 2200 466 2252 Ι,
503 2199 597 2253 118,
629 2200 677 2254 2;
714 2201 821 2253 VII,
861 2200 930 2253 71,
969 2200 998 2243 4
1036 2214 1224 2255 sequens
1267 2198 1503 2243 verborum
1543 2200 1625 2243 cir-

174 2268 322 2312 cuitus
364 2268 539 2312 orditur
584 2284 610 2312 a
650 2269 801 2313 verbis
843 2270 933 2310 τότε
969 2269 1028 2321 δέ,
1069 2283 1180 2324 quae
1220 2283 1314 2311 vnon
1355 2268 1410 2311 ad
1450 2274 1625 2324 tempus

172 2338 360 2381 actionis
411 2339 661 2394 primariae,
726 2339 803 2382 sed
860 2339 915 2382 ad
964 2339 1177 2395 apodosin
1225 2338 1457 2382 referenda
1505 2343 1623 2381 sunt.

172 2407 337 2450 Fusius
369 2408 620 2451 exscribam
639 2409 747 2461 VII,
770 2408 838 2461 71,
870 2408 917 2452 4:
949 2409 1193 2464 παραπλήσια
1223 2407 1270 2447 δὲ
1300 2408 1364 2447 καὶ
1395 2409 1433 2446 οἱ
1462 2407 1520 2447 ἐπὶ
1549 2409 1625 2446 τῶν

172 2479 269 2517 νεῶν
299 2476 430 2521 αὐτοῖς
458 2476 641 2533 ἔπασχον,
672 2480 755 2533 πρίν
783 2494 831 2533 γε
862 2478 908 2533 δὴ
939 2479 977 2518 οἷ
1004 2478 1241 2533 Συρακόσιοι
1270 2479 1335 2518 καὶ
1365 2479 1403 2518 οἱ
1432 2476 1625 2533 ξύμμαχοι

172 2545 230 2586 ἐπὶ
259 2545 351 2584 πολὺ
382 2546 638 2603 ἀντισχούσης
667 2550 735 2602 τῆς
763 2549 978 2602 ναυμαχίας
1005 2545 1177 2601 ἔτρεψάν
1207 2561 1250 2587 τε
1282 2547 1374 2591 τοὺς
1401 2545 1628 2601 Ἀθηναίους

172 2617 236 2656 καὶ
265 2639 322 2645 -
351 2617 592 2657 κατεδίωκον
616 2616 660 2661 ἐς
679 2617 744 2672 τὴν
764 2620 843 2672 γῆν·
868 2617 958 2658 τότε
982 2616 1032 2658 δέ
1056 2642 1110 2648 —-
1137 2617 1220 2661 hoc
1244 2621 1330 2661 cst:
1359 2621 1456 2660 tum
1477 2620 1624 2659 autem

175 2687 254 2741 (sc.
298 2699 435 2740 quum
473 2701 498 2728 a
536 2686 831 2744 Syracusanis
872 2687 1015 2743 fugati
1063 2690 1242 2736 essent).
1334 2685 1623 2729 Continuatio

291 2834 318 2880 l)
343 2833 503 2872 Lucubr.
530 2834 699 2881 Thucyd.
724 2845 812 2880 pag.
837 2834 893 2870 88.
