1836 3175
1559 180 1619 227 39

182 310 464 361 destiterunt,
504 311 742 363 postquam
784 306 910 351 vicus
947 310 1103 363 captus
1133 311 1214 350 est.
1275 306 1376 351 Hac
1408 307 1548 364 igitur
1584 311 1633 353 in

182 395 230 423 re
259 378 346 422 duo
375 376 584 432 exempla
618 376 738 419 inter
775 389 822 419 se
852 385 1119 432 congruunt,
1157 375 1277 431 quod
1315 377 1539 421 sententia
1561 392 1633 421 se-

160 448 395 493 cundaria
448 444 648 502 perfecta
705 444 919 501 primaria
979 445 1028 488 in
1086 445 1362 489 contrarium
1419 452 1633 491 mutatur.

182 516 386 561 Navibus
417 515 537 558 enim
575 515 826 570 conspectis
854 529 947 557 non
982 514 1073 558 iam
1109 514 1262 557 mirati
1298 519 1417 566 sunt,
1459 521 1506 559 et
1533 516 1634 559 vico

183 590 311 643 capto
341 582 517 629 obsides
549 583 778 628 dederunt.
817 607 876 613 --
915 581 1006 627 Sed
1045 597 1125 627 sex
1156 583 1239 626 illa
1267 584 1485 640 exempla,
1524 598 1636 640 quae

184 653 472 698 antecedente
509 654 735 697 sententia
763 653 1036 697 affirmativa
1071 653 1368 698 indicativum
1404 654 1634 710 praebent,

181 722 433 776 accuratius
453 722 755 779 inspiciamus,
816 721 988 777 Quater
1007 723 1209 780 sequitur
1229 723 1423 767 aoristus
1442 723 1480 776 Ι,
1499 724 1568 777 51,
1586 724 1633 778 2;

181 792 270 844 ΙΙΙ,
312 791 381 844 29,
424 792 471 845 13
523 792 612 844 III,
655 792 750 843 104,
790 792 830 844 7,
884 793 993 843 VII,
1036 793 1105 844 71,
1143 793 1184 845 4,
1236 794 1375 836 semel
1423 809 1634 849 praesens

182 861 446 907 historicum
484 859 591 913 VH,
638 858 707 914 39,
748 860 788 912 2,
834 861 973 905 semel
1016 861 1328 918 imperfectum
1363 862 1401 915 Ι,
1443 862 1547 916 118,
1591 863 1632 907 2.

184 929 421 976 Sententia
468 930 681 986 primaria
729 931 992 986 plerumque
1032 931 1304 987 exprimitur
1351 921 1633 987 insperfecto3

181 1002 270 1053 ΙΠ,
301 1000 371 1052 29,
406 1000 425 1043 1
460 1005 610 1044 exstat
638 1015 862 1057 praesens,
893 1000 982 1053 ΙΠ,
1008 999 1102 1053 104,
1125 1000 1150 1044 7
1181 1000 1389 1045 aoristus.
1447 1000 1634 1046 Etenim

181 1086 205 1115 e
245 1075 407 1114 natura
452 1070 591 1114 totius
635 1070 807 1125 periodi
853 1071 1073 1125 sequitur,
1118 1075 1171 1113 ut
1215 1071 1499 1114 enuntiatum
1542 1072 1633 1126 pri-

180 1141 372 1185 marium
401 1155 493 1184 non
513 1154 605 1183 rem
628 1140 767 1183 semel
786 1140 963 1193 factam,
994 1140 1072 1184 sed
1102 1145 1289 1186 statum
1296 1141 1393 1186 sive
1413 1142 1634 1186 actionem

182 1211 418 1255 durantem
458 1209 791 1267 complectatur.
863 1209 1045 1265 Quanto
1081 1211 1231 1253 minus
1275 1212 1500 1255 sententia
1542 1213 1635 1267 pri-

181 1282 323 1325 maria
345 1281 401 1324 ad
421 1295 516 1324 rem
535 1295 669 1336 quam
690 1281 920 1325 celerrime
940 1280 1183 1337 perfectam
1203 1285 1388 1337 spectat,
1420 1295 1473 1324 eo
1492 1281 1633 1339 magis

181 1351 375 1408 impetus
420 1365 471 1394 ac
513 1351 582 1393 vis
629 1351 877 1393 sententiae
922 1350 1107 1393 alterius
1152 1351 1387 1406 repentina
1430 1356 1630 1407 augetur.

183 1421 398 1475 Exempli
440 1421 585 1476 gratia
630 1420 903 1476 explicemus
949 1434 1081 1476 quem
1132 1433 1267 1475 supra
1314 1420 1633 1477 exscripsimus

181 1490 329 1534 locum
350 1489 386 1542 I,
419 1488 487 1541 51,
520 1487 558 1531 2.
622 1487 862 1545 Corcyraei
885 1489 1174 1532 vehementer
1193 1488 1486 1541 mirabantur,
1516 1491 1635 1545 quod

183 1559 444 1603 Corinthios
475 1564 601 1614 terga
631 1558 788 1601 dantes
809 1558 1034 1610 viderunt,
1065 1559 1275 1614 quoniam
1306 1573 1484 1603 causam
1503 1559 1634 1618 fugae

180 1644 272 1673 non
301 1627 644 1684 perspiciebant.
714 1625 875 1671 Subito
906 1627 1256 1671 Atheniensium
1292 1642 1431 1672 naves
1461 1628 1631 1672 auxilio

180 1698 391 1742 advectae
420 1698 469 1741 in
499 1702 788 1753 conspectum
816 1698 1018 1750 veniunt,
1049 1712 1100 1741 ac
1131 1698 1299 1741 clamor
1325 1699 1501 1742 existit:
1533 1713 1633 1743 ecce

179 1784 317 1813 naves
369 1768 798 1826 appropinquantes!
880 1768 1072 1812 Factum
1136 1768 1277 1826 igitur
1343 1769 1633 1826 repentinum

180 1838 401 1883 actionem
447 1839 704 1895 primariam
750 1839 876 1893 quasi
920 1839 1171 1895 perrumpit
1220 1844 1353 1894 atque
1402 1840 1631 1896 opprimit.

180 1910 383 1964 Namque
434 1907 707 1964 Corcyraeos
757 1922 783 1951 a
825 1908 1028 1952 mirando
1074 1907 1313 1961 destitisse,
1364 1909 1634 1965 simulatque

179 1978 370 2023 navibus
402 1978 650 2040 conspectis
680 1978 802 2021 iusta
831 1976 975 2021 defuit
1005 1991 1149 2031 causa,
1183 1983 1529 2022 consentaneum
1550 1985 1631 2025 est.

178 2050 243 2094 Et
272 2048 471 2106 profecto
492 2062 715 2105 praesens,
747 2047 861 2104 quod
885 2047 994 2101 VII,
1026 2045 1095 2099 39,
1127 2046 1153 2091 2
1184 2048 1430 2101 invenitur,
1460 2048 1633 2093 nullam

179 2120 311 2163 aliam
342 2119 478 2162 habet
507 2132 697 2171 causam,
729 2132 860 2173 quam
890 2123 942 2162 ut
972 2119 1114 2162 oratio
1144 2118 1415 2163 vividior-em
1444 2119 1633 2176 accipiat

180 2189 389 2232 colorem.
448 2188 541 2240 (Τὸν
569 2187 685 2228 αὐτὸν
706 2188 847 2242 τρόπον
878 2186 992 2231 αὖθις
1020 2187 1079 2228 ἐπὶ
1108 2188 1201 2228 πολὺ
1232 2188 1360 2242 διῆγον
1391 2190 1460 2242 τῆς
1484 2188 1637 2244 ἡμέρας

178 2258 410 2313 πειρώμενοι
440 2258 624 2312 ἀλλήλων,
654 2258 737 2313 σφὶν
767 2257 814 2312 δὴ
845 2256 1034 2313 Ἀρίστων
1074 2281 1133 2288 -
1172 2256 1329 2308 πείθει.)
1396 2255 1488 2302 Sed
1526 2256 1633 2314 quid
1710 2270 1718 2275 ·

178 2329 391 2373 faciamus
421 2327 475 2371 de
503 2341 594 2371 uno
624 2327 721 2371 loco
752 2327 789 2379 Ι,
815 2325 910 2380 118,
933 2327 973 2380 2,
1005 2328 1130 2371 cuius
1152 2327 1357 2385 apodosis
1378 2329 1634 2372 continetur

177 2399 469 2455 imperfecto?
528 2397 740 2453 (ἡσύχαζον
781 2398 826 2438 τὸ
867 2396 981 2438 πλέον
1019 2399 1088 2438 τοῦ
1118 2398 1269 2454 χρόνου
1305 2422 1375 2447 —‚
1414 2399 1496 2454 πρὶν
1532 2398 1581 2453 δὴ
1609 2398 1632 2452 ἡ

179 2468 337 2523 δύναμις
380 2471 456 2509 τῶν
487 2467 702 2524 Ἀθηναίων
738 2470 882 2523 σαφῶς·
904 2466 1070 2525 ὴῇοετο).
1136 2466 1364 2522 Quidnam
1407 2467 1632 2524 repentini

177 2539 225 2580 in
260 2539 486 2583 sententia
514 2537 775 2582 secundaria
803 2538 951 2582 inest?
1013 2537 1103 2583 Sed
1140 2543 1260 2582 recte
1296 2552 1378 2581 nos
1413 2538 1631 2581 iudicasse

179 2614 303 2663 patet
332 2623 356 2652 e
386 2623 522 2653 sensu
533 2624 544 2662 ;
574 2608 623 2651 in
643 2608 855 2652 adverbio
886 2608 1005 2651 enim
1036 2610 1179 2663 σαφῶς
1206 2608 1317 2652 latet
1348 2608 1473 2650 notio
1503 2607 1629 2649 verbi

179 2677 413 2730 sentiendi,
444 2679 509 2722 ita
538 2683 589 2721 ut
618 2678 704 2721 hoc
728 2678 858 2721 modo
889 2678 1257 2733 interpretemur:
1289 2676 1629 2721 Lacedaemonii

179 2745 312 2788 otiosi
343 2752 483 2800 erant,
515 2762 652 2803 quum
673 2747 1021 2791 Atheniensium
1047 2761 1152 2803 opes
1185 2761 1380 2790 crescere
1411 2745 1626 2802 apparuit.

180 2813 330 2859 Simili
368 2816 500 2859 modo
538 2818 626 2860 alia
664 2818 880 2872 asperitas
912 2822 1195 2872 exaequatur.
1259 2817 1468 2860 Aoristus
1498 2828 1624 2866 unus,
