1836 3175
206 194 264 240 48

205 319 453 364 scribarum
483 319 764 377 neglegentia
793 318 878 361 hoc
907 318 1075 360 factum
1105 332 1202 361 esse
1240 319 1494 372 contendat,
1527 333 1653 377 prae-

206 390 362 435 sertim
411 405 547 447 quum
598 393 700 446 post
746 386 1101 431 coniunctionem
1146 386 1266 444 μέχρι
1310 386 1356 429 οὔ
1406 388 1523 433 idem
1569 404 1655 434 usu

206 461 360 504 veniat
392 460 499 514 (III,
518 457 587 510 28,
608 458 656 511 23
687 457 769 509 IV,
797 455 862 508 16,
885 456 930 509 2;
963 456 1033 509 41,
1056 457 1102 510 23
1133 455 1205 510 46,
1227 456 1289 510 3).
1338 457 1488 512 Quid?
1532 459 1654 503 Num

208 529 473 573 credendum
511 534 580 571 est
619 526 926 583 Thucydidem
972 526 1088 569 hanc
1123 527 1390 583 particulam
1422 527 1526 584 ,sine
1562 529 1656 572 ullo

207 599 404 650 consilio,
451 597 528 640 sed
573 610 676 639 casu
721 595 912 651 quodam
956 596 1089 639 modo
1134 597 1350 648 omisisse,
1401 596 1532 640 modo
1583 598 1657 640 ad-

205 667 435 710 hibuisse?
496 664 730 721 Quomodo
770 665 879 708 haec
916 664 1091 708 incuria
1135 679 1237 708 cum
1281 666 1446 709 eximia
1479 666 1657 722 Thucy-

204 736 317 778 didis
357 735 571 790 ,dxpcssec'qz‘
602 734 811 785 concinit,
850 747 962 788 quae
1001 734 1223 790 imprimis
1261 735 1310 777 in
1347 740 1507 791 arguta
1535 736 1658 778 simi-

202 806 313 848 lium
352 803 593 848 verborum
634 809 679 847 et
716 808 1047 847 structurarum
1091 803 1381 848 distinctione
1426 806 1658 849 cernitur?

202 875 359 929 Itaque
389 874 534 918 facere
564 888 656 917 non
686 887 881 929 possum,
912 874 1021 929 quin
1051 874 1171 916 inter
1202 888 1276 917 eos
1308 875 1384 929 qui
1416 874 1461 914 ἄν
1491 875 1658 918 habent

201 949 247 985 et
277 957 351 985 eos
382 943 459 998 qui
498 957 590 985 non
629 942 798 985 habent
829 942 1138 985 coniunctivos
1178 941 1418 985 discrimen
1448 949 1654 986 statuam.

202 1013 296 1056 Nec
326 1013 508 1056 Prausii
533 1012 574 1064 ¹),
606 1027 690 1056 nec
720 1012 908 1056 Luethii
925 1012 960 1065 2)
993 1011 1278 1068 opinionibus
1310 1012 1551 1067 deterreor,
1581 1015 1657 1070 qui

202 1083 392 1138 quidem,
425 1082 522 1125 sive
554 1080 600 1121 ἄν
629 1082 832 1125 additum
863 1083 935 1134 sit,
968 1083 1065 1125 sive
1095 1096 1186 1124 non
1222 1081 1437 1135 additum,
1478 1090 1657 1127 senten—

202 1152 366 1195 tiarum
397 1151 619 1194 rationem
649 1151 766 1194 nihil
798 1151 1064 1195 commutari
1095 1151 1369 1196 existimant.
1430 1152 1529 1209 Age
1549 1168 1657 1197 vero

202 1222 310 1265 duos
357 1221 634 1277 Thucydidis
680 1222 801 1264 locos
846 1222 894 1263 in
940 1222 1318 1277 comparationem
1363 1211 1573 1265 {rocemus
1619 1224 1655 1274 Ι,

201 1290 270 1342 91,
317 1289 364 1333 3:
410 1289 550 1344 πέμπει
592 1289 766 1329 κελεύων
795 1313 853 1319 -
880 1290 933 1345 μὴ
978 1291 1145 1344 ἀφεῖναι,
1190 1291 1273 1345 πρὶν
1310 1290 1355 1330 ἂν
1400 1291 1509 1331 αὐτοὶ
1552 1293 1658 1332 πάλιν

200 1361 440 1414 κομισθῶσιν
461 1364 506 1402 et
521 1359 604 1411 VI,
631 1358 697 1412 10,
715 1360 766 1402 5:
792 1360 871 1415 χρὴ
892 1365 1047 1400 σκοπεῖν
1068 1374 1149 1400 τινα
1170 1360 1269 1400 αὐτὰ
1289 1362 1353 1400 καὶ
1381 1361 1434 1415 μὴ
1461 1362 1657 1416 μετεώρῳ

201 1434 245 1485 τῇ
278 1429 386 1469 πόλει
414 1427 546 1475 ἀξιοῦν
572 1427 802 1468 κινδυνεύειν
839 1430 904 1468 καὶ
940 1428 1065 1484 ἀρχῆς
1092 1427 1209 1483 ἄλλης
1235 1428 1465 1483 ὀρέγεσθαι,
1502 1431 1584 1485 πρὶν
1615 1429 1657 1485 ἣν

202 1496 347 1554 ἔχομεν
389 1498 736 1553 βεβαιωσώμεθα.
807 1498 965 1541 Priore
1010 1498 1107 1541 loco
1154 1498 1477 1542 Themistocles
1517 1500 1657 1542 Athe-

201 1567 432 1612 niensibus
465 1568 719 1612 clanculum
748 1568 959 1612 nuntium
989 1568 1126 1620 misit,
1158 1573 1210 1611 ut
1240 1567 1411 1625 legatos
1436 1568 1658 1613 Lacedae-

200 1639 454 1681 moniorum
477 1653 528 1681 ea
550 1639 695 1681 solum
717 1638 977 1681 condicione
999 1638 1292 1686 dimitterent,
1323 1643 1376 1681 ut
1395 1639 1507 1694 ipsis
1528 1645 1658 1682 antea

200 1722 224 1750 a
255 1707 622 1752 Lacedaemoniis
660 1707 831 1751 reditus
870 1708 1116 1765 permissus
1156 1712 1286 1750 esset.
1347 1707 1509 1752 Altero
1553 1708 1659 1752 libri

201 1780 320 1821 sexti
364 1779 463 1822 loco
502 1779 654 1822 Nicias
702 1778 1008 1822 demonstrare
1054 1778 1156 1820 vult
1201 1782 1377 1832 tempus
1423 1778 1479 1821 ad
1526 1793 1659 1834 expe-

202 1847 419 1890 ditionem
487 1845 773 1890 Siciliensem
839 1846 1166 1903 suscipiendam
1226 1847 1509 1903 aptissimum
1568 1862 1661 1891 non

200 1918 373 1970 adesse;
405 1918 530 1973 prius
561 1918 709 1960 aliena
737 1918 924 1973 imperia
954 1922 1178 1972 expetere,
1210 1931 1343 1971 quam
1373 1918 1490 1972 quod
1520 1919 1661 1973 possi-

201 1986 358 2030 derent
383 1987 798 2039 communivissent,
822 1985 1090 2029 temeritatis
1114 1998 1222 2028 esse.
1274 1985 1397 2042 Ergo
1422 1985 1661 2030 discrimen

200 2071 461 2112 persuasum
492 2057 633 2100 habeo
664 2056 750 2099 hoc
780 2070 876 2099 esse
907 2055 1207 2107 statuendum,
1238 2061 1290 2098 ut
1327 2057 1375 2098 in
1414 2058 1659 2109 enuntiato,

201 2127 339 2182 quod
367 2126 514 2170 nudo
547 2126 919 2169 coniunctivo
943 2126 1290 2176 continetur,
1322 2126 1434 2169 vim
1455 2132 1662 2183 tempo-

201 2197 394 2247 ralem,
442 2197 491 2239 in
530 2196 856 2255 enuntiato,
904 2195 989 2238 cui
1029 2194 1080 2234 ἄν
1120 2193 1366 2236 additum
1404 2202 1506 2248 est,
1554 2198 1662 2239 vim

201 2265 619 2322 hypotheticam
665 2264 997 2321 praevalere
1041 2264 1369 2307 existimem.
1437 2265 1663 2308 Luculen-

202 2336 376 2379 tissima
398 2341 597 2392 potestas
619 2335 880 2391 temporalis
902 2341 971 2378 est
987 2334 1120 2386 VIII,
1138 2333 1177 2386 9,
1201 2335 1214 2376 1
1234 2349 1242 2376 ;
1265 2334 1309 2373 οὐ
1331 2335 1663 2390 προύθυμήθησαν

203 2404 391 2459 ξυμπλεῖν,
422 2406 504 2460 πρὶν
536 2406 585 2445 τὰ
607 2403 789 2460 Ἴσθμια,
821 2405 846 2443 ἃ
877 2405 988 2444 τότε
1020 2404 1088 2459 ἦν,
1128 2403 1423 2458 ὃιεορτάσωσιν,
1448 2404 1525 2447 ubi
1549 2406 1662 2448 ratio

204 2475 523 2518 condicionalis
555 2476 737 2518 omnino
764 2474 899 2517 deest.

317 2545 591 2587 Huiusmodi
632 2544 840 2600 exempla
884 2543 940 2586 ad
984 2542 1204 2584 infinitivi
1252 2548 1354 2597 post
1389 2544 1481 2597 ’πρίν
1527 2543 1664 2598 parti-

205 2613 347 2656 culam
384 2628 517 2657 usum
555 2614 759 2670 proxime
798 2612 1027 2663 accedunt,
1067 2612 1331 2667 praesertim
1369 2611 1406 2654 si
1437 2627 1511 2655 eos
1542 2612 1663 2655 locos

325 2775 349 2818 l)
375 2775 530 2820 Prause,
556 2775 578 2809 l.
605 2775 626 2809 l.
653 2785 741 2820 pag.
769 2775 885 2820 17f18.

320 2833 350 2877 2)
374 2833 506 2878 Lueth,
532 2833 554 2868 l.
580 2833 602 2868 l.
627 2842 715 2878 pag.
741 2832 798 2868 45.
