1836 3175
1609 219 1657 261 51

214 350 347 397 nunc,
363 368 369 371 -
385 347 540 387 utrum
570 342 656 395 πρὶν
693 340 719 396 ἤ
756 341 941 385 omnino
979 342 1056 384 sit·
1075 341 1281 384 Atticum
1317 354 1470 385 necne.
1536 344 1660 387 Haec

204 413 413 470 quaestio
458 411 670 467 quoniam
712 425 739 453 a
772 410 971 454 Luethio
1017 410 1183 467 optime
1225 415 1498 466 pertractata
1541 413 1661 465 est,¹)

214 481 324 526 satis
342 480 440 531 “sit
482 478 612 523 nobis
662 479 756 523 eius
806 479 1266 537 argumentationem,
1302 479 1446 535 quoad
1497 481 1663 524 nostris

201 549 431 607 'exemplis
462 549 562 592 fieri
590 553 753 605 potest,
791 548 1068 592 confirmare.
1129 549 1279 604 Atque
1308 554 1361 592 ut
1394 549 1664 593 testimoniis

213 618 334 665 haud
363 618 495 663 dubie
513 618 722 675 genuinis
742 619 810 662 uti
833 619 1068 676 possimus,
1101 618 1417 675 inscriptiones
1441 618 1618 662 Atticas
1640 633 1667 662 a

202 686 498 733 *Kirohhoffio
515 688 722 731 collectas
738 688 1122 743 perlustravimus.
1163 688 1327 732 Tribus
1343 689 1453 732 locis
1466 690 1550 744 πρίν
1564 682 1665 745 par-

212 754 352 803 ticula
379 761 543 809 exstat,
575 771 599 800 e
620 756 779 813 quibus
799 771 917 801 unus
936 756 1175 801 admodum
1193 757 1381 800 mutilus
1410 756 1480 809 (O.
1500 757 1538 801 I.
1560 758 1618 801 A.
1639 758 1665 800 I

212 841 328 885 pag..
350 825 390 879 9,
413 840 559 870 num.
597 826 660 879 12,
706 841 824 870 vers.
867 827 941 879 10)
986 827 1102 882 nihil
1142 827 1274 871 valet.
1335 826 1525 870 Duobus
1563 827 1663 870 aliis

212 896 323 940 locis
359 902 459 952 pag:
489 893 531 948 8,
570 910 692 940 num.
724 895 763 948 9,
805 909 922 940 vers.
957 895 1012 939 14
1049 897 1132 951 πρὶν
1170 894 1315 936 ἐσιέναι
1353 895 1471 946 (sive
1508 909 1664 939 secun-

198 965 320 1008 ‘dum
354 964 613 1008 Boekhium
629 965 666 1017 2)
705 964 865 1015 ἐξιέναι)
904 970 949 1007 et
960 983 965 990 ··
981 979 1080 1021 pag.
1117 964 1187 1016 45,
1224 979 1348 1008 num.
1384 963 1454 1016 96,
1489 978 1607 1008 vers.
1637 963 1663 1007 6

215 1035 297 1089 πρὶν
329 1032 375 1073 ἄν
408 1057 458 1064 --
491 1033 677 1090 legitur;
714 1033 892 1077 nullum
922 1031 949 1089 ἤ
976 1032 1222 1090 particulae
1251 1032 1377 1077 adest
1406 1033 1661 1091 vestigium.

215 1103 336 1158 Quid
376 1108 539 1156 autem,
581 1103 699 1159 quod
737 1104 785 1146 in
822 1103 946 1147 Plut.
979 1102 1073 1147 Sol.
1118 1117 1212 1159 cap.
1245 1102 1298 1146 19
1336 1103 1412 1146 lex
1450 1102 1665 1158 quaedam

215 1173 396 1218 Solonis
436 1171 544 1220 ἄξονι
576 1174 657 1228 qui
687 1178 875 1217 vocatur
912 1172 1145 1229 inscripta
1168 1171 1240 1216 his
1272 1171 1421 1217 verbis
1459 1171 1663 1217 affertur:

330 1240 489 1297 Ἀτιμων
519 1242 606 1282 ὅσοι
645 1241 770 1297 ἄτιμοι
800 1242 909 1297 ἦσαν,
947 1243 1052 1297 πρὶν
1088 1241 1112 1297 ἢ
1149 1242 1347 1282 Σόλωνα
1385 1240 1549 1298 ἄρξαι,
1588 1241 1663 1282 ἐπι-

212 1314 347 1368 τιμους
373 1311 469 1352 εἷναι
498 1311 587 1366 πλὴν
617 1312 704 1351 ὅσοι
734 1311 783 1359 ἐξ
803 1310 959 1367 Ἀρείου
989 1310 1126 1366 πάγου,
1156 1310 1179 1366 ἢ
1209 1311 1295 1351 ὅσοι
1324 1310 1371 1351 ἐκ
1399 1313 1476 1351 τῶν
1497 1310 1664 1365 ἐφετῶν,

212 1382 234 1438 ἢ
273 1381 319 1422 ἐκ
355 1382 584 1437 πρυτανείου
621 1380 981 1425 καταδικασθέντες
1016 1381 1088 1421 ὑπὸ
1119 1381 1194 1420 τῶν
1223 1379 1422 1432 βασιλέων
1451 1379 1510 1421 ἐπὶ
1540 1380 1663 1435 φόνῳ,

211 1449 234 1505 ἦ
264 1455 484 1505 σφαγαῖσιν,
516 1450 539 1505 ἢ
569 1450 628 1490 ἐπὶ
658 1451 848 1505 τυραννίδι
878 1448 1037 1505 ἔφυγον,
1068 1450 1137 1489 ὅτε
1165 1449 1320 1503 θεσμὸς
1347 1448 1471 1505 ἐφάνη
1502 1449 1586 1490 ὅδε.

327 1519 448 1564 Num
494 1518 762 1563 credendum
809 1524 879 1563 est
922 1519 971 1563 in
1016 1518 1160 1562 edicto
1206 1518 1385 1575 publico
1425 1518 1664 1562 formulam

213 1590 296 1645 πρὶν
324 1588 351 1645 ἦ
381 1590 637 1645 ceteroquin
659 1589 776 1645 apud
797 1588 976 1632 Atticos
998 1587 1246 1632 inauditam
1266 1588 1513 1632 adhibitam
1535 1590 1662 1634 esse?

211 1659 348 1716 Legis
385 1659 520 1702 huius
558 1659 698 1703 verba
735 1660 773 1702 si
812 1659 1072 1715 incorrupta
1108 1658 1165 1702 ad
1208 1672 1291 1702 nos
1335 1659 1660 1715 pervenissent,

211 1743 300 1772 una
329 1727 409 1771 illa
437 1728 582 1771 forma
611 1742 764 1778 omnes
796 1728 1141 1784 disceptationes
1171 1728 1438 1785 infringeret
1474 1743 1525 1772 ac
1561 1727 1662 1785 pro-

210 1798 397 1855 fligaret.
453 1796 543 1841 Sed
565 1797 791 1841 videamus
824 1797 878 1840 de
906 1797 1196 1854 genuinitate.
1251 1795 1531 1853 Quamquam
1551 1798 1662 1841 Plu-

211 1867 392 1910 tarohus
431 1867 575 1910 addit:
617 1868 638 1906 ὁ
676 1867 723 1907 δὲ
768 1866 1082 1923 τριςκαιδέκατος
1119 1865 1225 1914 ἄξων
1265 1868 1333 1907 τοῦ
1379 1867 1564 1912 Σόλωνος·
1596 1868 1662 1908 τὸν

210 1934 352 1991 ὄγδοον
372 1934 456 1992 ἔχει
477 1938 551 1976 τῶν
572 1936 700 1991 νόμων
720 1935 847 1980 οὕτως
867 1935 998 1980 αὐτοῖς
1015 1935 1179 1990 ὀνόμασι
1197 1935 1490 1991 γεγραμμένον,
1511 1942 1663 1981 tamen

210 2020 266 2048 ne
303 2006 399 2062 ipse
437 2006 614 2061 quidem
652 2007 798 2050 textui
836 2006 971 2049 fidem
1012 2005 1159 2058 habet,
1198 2021 1335 2062 quum
1371 2006 1504 2062 paulo
1544 2007 1664 2051 infra

211 2074 349 2117 dicat:
397 2076 433 2114 εἰ
471 2075 525 2130 μὴ
569 2075 612 2130 νὴ
647 2075 718 2115 Δία
761 2075 906 2130 γέγονέ
946 2090 1010 2119 τιςἼ
1044 2075 1220 2129 ἀσάφεια
1265 2076 1335 2114 τοῦ
1374 2076 1607 2130 γράμματος
1640 2076 1663 2132 ἢ

211 2139 389 2196 ἔκλειψις.
459 2143 646 2200 Didymi
676 2144 956 2200 grammatici
985 2144 1072 2199 περὶ
1101 2145 1177 2184 τῶν
1207 2142 1356 2191 ἀξόνων
1386 2144 1462 2183 τῶν
1481 2143 1661 2189 Σόλωνος

211 2211 445 2267 ἀντιγραφὴν
475 2212 574 2268 πρὸς
586 2211 872 2269 Ἀσκληπιάδην,
902 2227 1035 2269 quam
1064 2213 1113 2255 in
1132 2213 1263 2256 initio
1283 2212 1426 2255 libelli
1446 2214 1661 2266 nominat,

211 2282 446 2337 excerpsit.
509 2282 665 2338 Itaque
696 2283 749 2327 de
780 2284 973 2341 genuina
994 2283 1127 2327 huius
1157 2282 1246 2326 loci
1274 2282 1466 2326 lectione
1486 2283 1662 2327 nullum

210 2349 319 2409 ferri
362 2351 469 2395 licet
511 2352 738 2396 iudicium.
801 2353 919 2395 Mihi
963 2352 1143 2408 quidem
1187 2356 1335 2395 totum
1379 2353 1662 2396 enuntiatum

211 2420 293 2473 πρὶν
330 2419 353 2475 ἢ
393 2421 558 2462 Σόλωνα
596 2421 713 2477 ἄρξαι
749 2428 900 2479 aperte
937 2423 1119 2466 videtur
1163 2436 1259 2465 esse
1304 2436 1330 2465 a
1373 2423 1661 2478 grammatico

213 2489 465 2534 confictum.
526 2490 682 2547 Neque
718 2492 838 2535 enim
876 2492 1122 2536 verisimile
1159 2496 1228 2534 est
1263 2491 1313 2535 in
1346 2490 1527 2536 Solonis
1565 2492 1662 2550 lege

212 2557 378 2612 scripta
427 2560 565 2603 fuisse
620 2561 757 2604 verba
807 2563 889 2617 πρὶν
933 2562 955 2616 ἢ
1006 2562 1168 2602 Σόλωνα
1219 2561 1348 2617 ἄρξαι,
1399 2563 1662 2617 praesertim

212 2637 349 2678 quum
394 2633 569 2686 tempus
616 2630 698 2673 sub
744 2631 917 2674 exitum
962 2631 1096 2675 edicti
1142 2630 1308 2675 diserte
1352 2629 1541 2674 addatur
1576 2631 1661 2683 (ὅτε

213 2693 366 2749 θεσμὸς·
393 2697 516 2754 ἐφάνη
547 2700 653 2752 ὅδε).

329 2786 357 2832 1)
381 2788 513 2836 Lueth,
538 2791 561 2827 l.
585 2791 608 2827 l.
634 2802 722 2838 pag.
749 2791 898 2828 32-35.

329 2844 358 2889 2)
384 2845 423 2881 C.
449 2847 476 2882 I.
503 2847 547 2883 G.
573 2849 617 2884 73
630 2849 665 2885 b.
