1836 3175
175 188 232 232 20

175 315 432 370 opinionem
461 314 688 356 firmemus
709 309 766 362 V,
791 308 857 362 10,
887 308 934 352 3:
966 308 1013 349 οὐ
1042 308 1285 363 βουλόμενος
1308 306 1416 363 μάχῃ
1447 307 1625 362 διαγωνί-

176 382 325 422 σασθαι
355 382 438 437 τφίν
466 381 505 420 οἵ
530 380 595 419 καὶ
624 378 716 423 τοὺς
740 379 922 434 βοηθοὺς
947 378 1052 433 ἥκειν
1082 383 1128 422 et
1157 378 1264 430 VII,
1297 376 1367 429 50,
1392 375 1435 419 4:
1467 375 1548 416 οὐδ’
1579 374 1624 415 ἂν

175 449 536 504 διαβουλεύσασθαι
571 445 628 487 ἔτι
666 444 757 502 ἔφη,
799 450 895 502 τφίν,
927 447 986 491 ὡς
1020 450 1059 488 οἱ
1091 449 1251 502 μάντεις
1283 446 1506 501 ἐξηγοῦντο,
1546 446 1629 500 τρὶς·

174 518 286 560 ἐννέα
306 517 457 573 ἡμέρας·
469 520 606 571 μεῖναι.
631 516 780 567 ,Inter
799 522 1040 572 utrumque
1056 517 1204 560 locum
1224 517 1262 560 is
1283 522 1353 560 est
1370 529 1625 566 consensus,

174 594 225 631 ut
246 586 468 631 sententia
488 599 589 628 cum
620 585 703 639 πρίν
723 585 947 641 particula
967 586 1205 633 coniuncta
1224 600 1392 630 meram
1412 585 1626 642 temporis

172 657 399 700 notionem
415 655 587 698 habeat.
619 654 667 696 Is
683 654 903 698 terminus
916 661 1121 699 accurate
1135 656 1361 709 definitur,
1378 661 1481 699 ante
1496 668 1627 710 quem

171 725 286 768 actio
316 724 528 779 primaria
556 738 649 767 non
679 724 949 780 perficiatur.
1009 725 1068 767 In
1110 725 1251 768 altero
1283 739 1392 769 vero
1422 723 1627 780 exemplo

171 794 365 849 spatium
373 793 586 849 temporis
600 798 722 836 certo
730 792 903 837 dierum
911 807 1098 836 numero
1106 794 1343 837 indicatur.
1360 793 1627 850 Optativum

171 863 245 906 vel
281 863 619 906 coniunctivum
652 864 690 906 si
725 865 825 919 quis
856 864 1094 920 legendum
1117 877 1214 906 esse
1234 868 1428 918 putaret,
1449 867 1628 906 senten-

171 932 280 975 tiam
314 930 522 976 laederet.
584 930 755 976 Sensus
785 933 905 976 enim
934 946 1174 990 perversus
1205 931 1427 984 evaderet,
1452 931 1629 975 Niciam

171 1015 252 1043 sua
281 1006 441 1056 sponte
470 1016 642 1044 moram
674 1003 837 1058 viginti
857 1008 1029 1058 septem
1050 1003 1223 1045 dierum
1243 1002 1330 1043 sibi
1349 1002 1627 1056 imposuisse.

172 1069 361 1115 Minime
382 1069 562 1127 quidem
584 1070 730 1116 dicore
751 1071 853 1117 vult
875 1070 1158 1130 Thucydides
1177 1085 1185 1115 :
1210 1070 1363 1115 Nicias
1384 1069 1628 1115 deliberare

171 1141 329 1191 noluit,
377 1146 615 1196 antequam
661 1143 826 1198 viginti
872 1148 1044 1199 septem
1102 1142 1195 1184 dies
1249 1147 1450 1183 moratus
1492 1146 1627 1194 esset3

171 1210 255 1253 hoc
295 1216 453 1254 contra
488 1211 537 1254 in
568 1212 717 1255 animo
757 1211 916 1256 habuit
954 1212 1080 1255 effari
1110 1211 1287 1254 Niciam
1324 1216 1428 1254 ante
1458 1225 1629 1254 moram
1690 1220 1695 1228 “

173 1280 337 1335 viginti
381 1285 554 1336 septem
599 1281 786 1333 dierum,
833 1295 944 1336 quae
989 1294 1015 1323 a
1054 1279 1357 1323 sacerdotibus
1396 1285 1630 1357 praecepta

172 1353 279 1399 erat,
311 1354 538 1404 peractam
570 1349 816 1401 deliberare
848 1351 981 1393 nolle.

287 1417 545 1474 Antequam
575 1419 794 1463 infinitivi
825 1435 851 1463 a
879 1421 963 1475 πρίν
992 1419 1214 1476 particula
1242 1417 1478 1475 pendentis
1499 1432 1630 1461 usum

172 1486 513 1542 Thucydideum
567 1489 829 1532 concludam
842 1523 853 1541 ‚
913 1504 1003 1532 non
1060 1488 1139 1531 abs
1190 1502 1238 1530 re
1290 1488 1385 1530 fore
1434 1486 1630 1530 arbitror

174 1570 315 1612 pauca
345 1556 399 1600 de
428 1557 623 1601 formula
651 1559 843 1613 πρότερον
862 1557 966 1612 -ἤ
997 1572 1097 1601 011111
1130 1556 1360 1600 infinitivo
1394 1555 1631 1599 coniuncta

174 1625 333 1678 dicere,
378 1641 490 1682 quae
534 1627 680 1670 tribus
724 1628 835 1670 locis
880 1632 1030 1670 exstat
1073 1627 1111 1680 Ι,
1153 1625 1222 1678 69,
1260 1627 1308 1679 53
1354 1625 1436 1678 VI,
1473 1623 1543 1677 58,
1586 1624 1629 1677 1;

174 1694 307 1748 VIII,
329 1695 399 1749 45,
422 1697 460 1739 5.
508 1696 840 1755 Dignissimum
862 1703 932 1741 est
954 1700 1303 1741 commemoratu
1323 1694 1631 1752 Thucydidem

174 1781 231 1809 ne
276 1780 363 1809 uno
409 1766 590 1822 quidem
635 1767 733 1810 loco
779 1768 971 1823 τφότερον
1007 1791 1065 1797 -
1100 1768 1183 1822 σφίν
1226 1780 1443 1822 usurpare
1460 1765 1501 1817 ¹),
1552 1763 1630 1807 sed

173 1835 379 1890 quotiens
401 1836 591 1890 πρότερον
612 1836 859 1889 antecedat,
891 1850 1067 1892 semper
1086 1834 1112 1891 ἦ
1133 1849 1310 1892 ponere.
1374 1833 1476 1889 Qua
1503 1834 1552 1877 in
1581 1847 1630 1877 re

173 1905 339 1947 mirum
376 1905 425 1947 in
460 1905 643 1949 modum
682 1920 784 1949 cum
822 1906 1107 1962 Antiphonte
1146 1904 1404 1962 congruit.²)
1471 1904 1631 1947 Enun-

174 1974 335 2017 tiatum
384 1974 649 2030 primarium
699 1975 957 2019 continetur
1005 1979 1207 2031 tempore
1255 1974 1510 2031 praeterito,
1562 1972 1629 2016 bis

174 2044 352 2092 aoristo,
405 2044 542 2086 semel
591 2045 853 2100 imperfecto
897 2044 1051 2097 (VIII,
1096 2043 1166 2096 45,
1211 2045 1270 2095 5).
1348 2041 1542 2087 Sensum
1591 2042 1631 2084 si

174 2113 452 2169 respicimus,
501 2127 600 2157 mea
639 2114 820 2170 quidem
858 2114 1084 2158 sententia
1119 2113 1236 2157 nihil
1275 2113 1467 2157 interest
1510 2112 1631 2155 inter

174 2183 258 2237 πρίν
288 2189 335 2226 et
365 2183 557 2239 πρότερον
586 2208 644 2214 —
674 2182 709 2239 ἥ.
773 2182 864 2228 Sed
901 2182 1095 2227 formula
1123 2184 1315 2239 πρότερον
1345 2207 1402 2213 —-
1432 2181 1457 2238 ἦ
1484 2181 1629 2225 multo

173 2258 276 2308 post
305 2258 572 2308 potestatem
610 2254 831 2296 infinitivi
869 2253 1054 2310 regendi
1090 2259 1222 2297 nacta
1258 2258 1340 2305 est,
1382 2267 1520 2308 quum
1561 2252 1630 2295 vis

173 2321 393 2366 infinitivi
423 2323 647 2378 primaria,
695 2337 719 2366 e
763 2337 850 2378 qua
888 2322 1108 2380 originem
1144 2321 1365 2366 infinitivi
1410 2322 1494 2377 αφίν
1529 2335 1630 2378 par-

173 2391 357 2434 ticulam
378 2391 606 2447 sequentis
623 2392 940 2443 derivavimus,
961 2393 1052 2435 iam
1070 2406 1163 2435 non
1178 2392 1433 2435 sentiretur.
1472 2391 1630 2446 Itaque

173 2459 253 2503 illa
296 2461 593 2514 ratiocinatio,
639 2475 727 2518 qua
770 2477 901 2506 usum
946 2461 1166 2506 infinitivi
1209 2476 1236 2506 a
1284 2463 1367 2519 πρίν
1411 2460 1631 2519 particula

174 2530 410 2585 pendentis
433 2545 659 2589 exponere
679 2533 947 2585 studuimus,
975 2532 1030 2575 ad
1050 2532 1290 2576 formulam
1316 2533 1508 2589 πρότερον
1528 2556 1586 2562 -
1604 2531 1631 2587 ἦ

174 2614 265 2644 11011
309 2601 510 2657 quadrat.
584 2603 692 2647 Alia
734 2603 811 2647 via
853 2603 1083 2647 infinitivo
1128 2602 1321 2660 regendo
1366 2603 1511 2661 potita
1545 2607 1626 2647 est.

292 2759 319 2805 ¹)
343 2759 400 2796 De
424 2760 497 2797 loci
521 2761 623 2807 VIII,
646 2760 703 2807 45,
731 2765 749 2798 1
775 2766 912 2799 natura
937 2763 982 2799 cf.
1007 2774 1096 2809 pag.
1122 2763 1176 2799 12.

290 2817 319 2866 2)
344 2818 476 2865 Lueth,
500 2819 522 2854 l.
548 2819 571 2855 l.
595 2829 683 2866 pag.
708 2819 741 2855 8.
