1836 3175
1575 205 1627 250 19

182 336 340 393 legatis
375 336 614 381 habendae.
643 336 646 339 ”
675 335 995 378 Hermocrates
1033 346 1171 387 quum
1206 331 1460 386 eloquentia
1488 331 1630 374 Athe-

182 405 359 449 nienses
388 404 579 450 multum
602 408 830 460 praestare
859 400 980 445 haud
1000 401 1239 457 ignoraret,
1270 399 1387 443 nihil
1407 400 1631 455 antiquius

182 474 339 519 habuit
366 490 500 532 quam
528 480 580 517 ut
601 474 725 529 prior
746 471 961 514 orationis
991 474 1259 526 potestatem
1287 469 1652 513 nancisceretur„

182 544 246 589 Et
275 545 475 602 profecto
507 542 685 600 quidem
704 540 751 585 id
780 540 899 597 quod
929 539 1134 598 cupiebat
1154 545 1381 583 assecutus
1402 544 1483 592 est,
1515 545 1561 583 et
1583 546 1634 583 ut

182 617 305 672 prior
333 604 474 659 verba
491 614 657 656 faceret
677 612 731 657 ei,
746 611 947 668 contigit.
995 612 1212 654 Attamen
1230 610 1346 653 hanc
1366 610 1635 653 anteriorem

183 683 569 728 ratiocinationem
605 680 835 737 aptissime
869 694 926 724 ex
963 685 1113 723 mente
1151 677 1536 736 Syracusanorum
1580 678 1634 723 ab

184 759 358 796 oratore
397 751 618 807 prolatam
653 750 703 792 in
739 749 870 791 initio
907 750 1012 805 poni
1049 754 1397 791 consentaneum
1427 755 1508 800 est,
1543 763 1630 804 quo

184 835 315 865 causa
352 820 524 877 legatos
561 831 750 875 propere
794 817 1005 862 mittendi
1049 817 1321 861 luculentius
1367 817 1633 861 illustretur.

183 892 240 934 In
292 890 528 947 participio
576 888 790 943 μέλλοντας
834 888 905 932 vis
952 887 1243 945 hypothetica
1291 888 1465 931 occulta
1507 888 1631 931 latet.

184 959 443 1003 Periculum
479 958 629 1014 ipsum
672 964 781 1002 tunc
817 957 956 1001 fuisse
994 957 1221 1001 sublatum
1268 958 1357 1000 iam
1394 957 1630 1013 participio

185 1029 339 1072 aoristi
369 1028 572 1071 δεὰταντες
609 1029 719 1071 satis
756 1028 868 1071 mihi
899 1028 1197 1071 demonstrari
1227 1027 1420 1070 videtur.
1481 1028 1638 1082 Itaque

186 1098 485 1142 coniecturam
501 1096 723 1154 Kruegeri
746 1096 934 1142 ἐλθόντας
950 1103 1003 1141 ut
1023 1110 1398 1154 supervacaneam
1419 1096 1639 1153 repellen-

186 1168 285 1210 dam
317 1181 414 1209 esse
448 1180 618 1209 censeo.

303 1235 530 1292 Quattuor
558 1240 733 1279 restant
752 1236 852 1289 loci,
884 1250 1076 1292 quorum
1101 1235 1188 1279 duo
1210 1235 1492 1292 negationem
1514 1248 1638 1291 aper-

186 1314 291 1360 tam,
337 1307 423 1349 duo
468 1305 664 1348 abditam
709 1306 927 1349 exhibent
972 1306 1028 1358 V,
1080 1305 1143 1358 10,
1190 1305 1216 1350 3
1226 1324 1236 1359 ;
1278 1305 1387 1357 VII,
1426 1304 1495 1356 50,
1536 1305 1564 1347 4
1595 1310 1640 1348 et

186 1377 248 1430 ΙΙ,
281 1375 349 1428 53,
383 1375 427 1429 3;
468 1375 576 1426 VII,
616 1373 684 1426 28,
725 1374 766 1418 3.
834 1376 930 1418 Iam
962 1390 1097 1431 supra
1134 1376 1182 1418 in
1212 1375 1323 1418 locis
1352 1376 1389 1428 I,
1428 1373 1498 1428 39,
1538 1374 1565 1418 2
1595 1382 1641 1418 et

187 1444 255 1497 68,
278 1445 304 1487 2
326 1444 570 1488 tractandis
605 1443 797 1487 vidimus
819 1445 1073 1488 infinitivos
1096 1445 1385 1488 antecedente
1404 1444 1640 1501 negatione

187 1528 334 1557 merae
371 1513 587 1569 temporis
627 1513 987 1557 determinationi
1026 1514 1259 1557 inservire.
1319 1513 1491 1556 Eadem
1525 1513 1640 1556 ratio

188 1583 353 1637 optime
388 1583 439 1625 in
475 1582 583 1625 haec
619 1583 824 1639 exempla
849 1582 1054 1638 quadrat.
1115 1581 1462 1625 Consideremus
1493 1582 1642 1625 locum

187 1652 295 1704 VII,
328 1651 398 1705 28,
430 1651 476 1696 3:
509 1651 553 1696 ἐς
580 1653 786 1706 φιλονικίαν
813 1652 1068 1692 καθέστασαν
1094 1651 1270 1707 τοιαύτην
1291 1651 1332 1706 ἣν
1353 1652 1435 1707 νηοὶν
1455 1651 1643 1705 γενέσθαι

187 1722 392 1777 ›immor—:v
422 1721 469 1762 ἄν
499 1737 556 1766 τις
582 1722 769 1766 ἀκούσας.
830 1723 1019 1779 Negatio
1047 1722 1095 1765 in
1119 1722 1256 1765 verbo
1278 1723 1446 1761 ἀπιστεῖν
1469 1721 1642 1764 occulta

188 1797 267 1835 est.
329 1791 637 1835 Memorabilis
684 1792 768 1834 hoc
811 1792 909 1834 loco
955 1796 1025 1834 est
1061 1791 1317 1834 infinitivus
1357 1790 1556 1846 pendens
1586 1790 1641 1832 ab

187 1860 433 1905 indicativo
477 1862 635 1905 aoristi
681 1876 779 1904 cum
827 1860 873 1900 ἄν
910 1861 1132 1917 particula
1170 1862 1420 1904 coniuncto.
1482 1859 1640 1902 Nihilo

188 1931 331 1973 secius
370 1930 626 1973 infinitivus
664 1944 759 1972 rem
799 1944 904 1972 vere
942 1930 1105 1973 factam
1142 1930 1370 1985 exprimit.
1439 1928 1642 1983 Namque

188 1999 458 2043 antecedunt
489 1989 626 2042 verba
666 1998 711 2043 ἐς
738 2000 944 2053 φιλονυαῇιν
975 1999 1242 2045 καθέστασαν,
1281 2012 1392 2053 quae
1423 1998 1643 2041 actionem

187 2066 408 2110 infinitivi
437 2067 680 2123 perfectam
709 2068 799 2110 iam
829 2082 925 2111 esse
956 2068 1065 2111 satis
1087 2068 1409 2110 demonstrant.
1473 2066 1642 2110 Sensus

189 2143 276 2180 est:
315 2143 441 2180 tanto
482 2138 692 2181 vincendi
729 2138 885 2180 ardore
917 2137 1264 2193 abripiebantur,
1296 2142 1514 2192 quantum
1543 2136 1643 2179 fieri

188 2221 330 2263 posse,
363 2208 680 2264 priusquam
710 2222 764 2250 re
796 2222 928 2251 vera
962 2207 1144 2251 factus
1181 2212 1265 2250 est
1295 2206 1395 2261 (πρὶν
1424 2204 1642 2260 γενέσθαι),

188 2277 269 2319 vix
298 2278 533 2332 quisquam
566 2278 838 2320 credidisset.
892 2277 1161 2321 Simillimus
1183 2284 1254 2319 cst
1272 2278 1396 2318 locus
1420 2277 1480 2326 ΙΙ,
1505 2274 1574 2327 53,
1597 2274 1643 2317 3:

189 2342 331 2399 ἄδηλον
368 2346 534 2400 νομίζων
573 2346 611 2385 εἶ
646 2347 729 2401 πρὶν
772 2344 832 2386 ἐπ’
872 2345 967 2385 αὐτὸ
1006 2345 1133 2386 ἐλθεῖν
1173 2346 1502 2401 διαφθαρήσεται.
1569 2346 1645 2388 In-

190 2418 362 2456 certum
390 2414 517 2466 illud,
550 2414 666 2470 quod
686 2415 735 2457 in
759 2416 992 2459 enuntiato
1014 2415 1069 2458 ab
1100 2416 1137 2455 εἰ
1163 2416 1398 2471 incipienti
1427 2416 1558 2467 inest,
1591 2415 1645 2457 ad

188 2482 468 2526 infinitivum
512 2499 605 2527 non
649 2485 857 2540 pertinet.
937 2485 1096 2539 Itaque
1147 2484 1486 2527 coniunctivum
1535 2481 1644 2539 ἔλθῃ,

190 2565 321 2605 quem
361 2554 569 2596 nonnulli
607 2554 773 2597 habent
805 2554 990 2606 codices,
1027 2553 1307 2609 repellemus.
1373 2552 1427 2596 Si
1450 2568 1501 2595 ea
1536 2567 1646 2608 quae

189 2634 347 2676 supra,
372 2621 425 2663 de
475 2621 646 2667 duobus
691 2624 1025 2667 infinitivorum
1074 2623 1313 2680 generibus
1360 2623 1645 2678 exposuimus

190 2692 238 2735 in
287 2693 549 2735 memoriam
604 2707 880 2745 revocamus,
938 2692 1068 2736 facile
1112 2691 1343 2749 apparebit
1395 2691 1647 2735 huiusmodi

189 2761 440 2804 infinitivos
472 2762 594 2805 omni
626 2764 875 2807 sententiae
905 2763 1142 2819 primariae
1174 2762 1405 2805 dominatu
1435 2761 1644 2804 liberatos

191 2845 269 2887 per
307 2845 355 2873 se
399 2837 617 2877 constare.
689 2833 875 2876 Duobus
916 2848 1029 2888 quae
1065 2838 1239 2875 restant
1279 2831 1495 2886 exemplis
1533 2829 1646 2871 hanc
