1836 3175
1603 235 1652 279 2¹

212 366 341 408 Mera.
388 365 492 409 huic
540 367 792 407 structurae
841 360 995 404 subest
1043 359 1158 402 ratio
1209 360 1524 414 comparativa,
1574 375 1660 415 qua

215 433 465 479 infinitivus
485 436 757 491 procreatur.
806 429 864 473 In
884 427 1263 484 comparationem
1283 435 1493 472 vocemus
1512 428 1660 473 locum

212 503 294 557 VI,
343 502 384 556 4,
434 503 462 546 2
511 500 656 555 (ἔτεσιν
705 498 870 553 ὕστερον
920 496 1061 537 ἑκατὸν
1109 495 1133 551 ἢ
1176 496 1320 541 αὐτοὺς
1365 497 1534 549 οἰκίσαι),
1583 497 1661 540 ubi

213 556 376 628 ὕστερον
395 571 421 628 ἤ
440 585 543 615 cum
567 568 800 613 infinitivo
820 565 1077 623 copulatum
1096 571 1177 609 est.
1221 565 1380 621 Itaque
1400 565 1662 609 adverbium

214 642 404 697 ψότερον
439 652 682 695 numquam
719 636 820 680 fieri
860 635 1011 692 potuit
1049 640 1102 679 ut
1139 636 1343 692 sequenti
1381 634 1405 691 ἦ
1443 636 1663 693 particula.

212 716 392 755 careret.
469 708 617 763 Quam
661 707 716 750 ob
761 720 856 749 rem
900 705 1050 749 locum
1093 705 1227 758 VIII,
1273 705 1342 757 45,
1385 707 1412 748 5
1453 705 1661 749 Vaticani

213 780 374 823 codicis
404 778 718 821 auctoritatem
748 774 901 826 secuti,
932 774 1010 829 qui
1039 774 1160 817 solus
1190 772 1227 828 ἦ,
1258 774 1374 830 quod
1405 774 1542 817 ceteri
1570 789 1661 818 non

211 848 390 900 habent,
421 845 635 898 servavit,
673 844 737 888 sic
767 843 1033 888 scribemus:
1064 843 1110 884 αἳ
1141 842 1186 888 ἐς
1215 841 1446 899 Ἀθηναιους
1471 843 1661 900 τφότερον

211 917 234 972 ἢ
263 918 473 970 ἀποστῆναι
501 914 675 968 ἀνήλουν.
706 937 764 943 -
793 912 1011 956 Rationes
1049 913 1190 955 trium
1226 913 1410 956 illorum
1448 914 1659 965 locorum,

213 986 288 1042 qui
325 985 515 1041 πρότερον
544 1007 602 1013 -
631 980 656 1038 ἥ
694 997 796 1027 cum
832 982 1062 1027 infinitivo
1101 983 1307 1027 iunctum
1349 982 1577 1040 praebent,
1623 984 1662 1028 si

213 1055 331 1097 inter
360 1067 407 1096 se
439 1052 856 1108 compaiaverimuS‚
895 1052 1128 1094 consensio
1166 1053 1497 1095 sententiarum
1531 1052 1661 1095 facile

212 1123 455 1181 apparebit.
523 1121 752 1167 Infinitivi
787 1121 908 1166 enim
944 1137 1016 1166 res
1057 1136 1162 1166 vere
1207 1122 1346 1166 factas
1387 1122 1660 1180 exprimunt.

213 1193 425 1250 Exempli
460 1193 605 1250 gratia
634 1191 962 1243 consideremus
992 1191 1141 1235 locum
1170 1191 1207 1245 I,
1239 1190 1308 1245 69,
1340 1192 1385 1235 5:
1416 1192 1482 1232 τόν
1512 1206 1556 1233 τε
1583 1192 1661 1248 γὰρ

214 1263 344 1316 Μῆδον
374 1262 483 1302 αὐτοὶ
511 1261 620 1316 ἴσμεν
640 1261 687 1302 ἐκ
706 1262 886 1316 περάτων
908 1264 979 1315 γῆς
995 1262 1187 1316 πρότερον
1208 1260 1267 1302 ἐπὶ
1287 1261 1353 1316 τὴν
1374 1262 1661 1317 Πελοπόννησον

212 1331 378 1373 ἐλθόντα
436 1330 458 1387 ἢ
514 1331 563 1372 τὰ
611 1329 702 1387 παρ’
760 1330 865 1386 ὑμῶν
924 1329 1047 1378 ἀξίως
1084 1333 1393 1386 τςοοαπαντῆσαι;
1443 1330 1528 1375 hoc
1573 1338 1661 1376 est:

212 1402 454 1445 Persarum
491 1415 641 1458 regem
678 1401 842 1444 scimus
873 1414 929 1443 ex
960 1400 1133 1443 ultimis
1162 1406 1308 1443 terrae
1339 1401 1506 1445 finibus
1535 1403 1660 1458 prius

212 1471 267 1515 ad
288 1471 651 1527 Peloponnesum
681 1470 952 1527 pervenisse,
984 1484 1116 1526 quam
1146 1483 1172 1512 a
1200 1470 1330 1514 nobis
1352 1471 1521 1515 bellum
1551 1472 1661 1516 satis

212 1546 419 1596 paratum
457 1545 536 1583 est.
569 1564 625 1572 --
659 1539 898 1597 Singulare
929 1539 1185 1596 exemplum
1226 1546 1376 1583 exstat
1416 1541 1479 1593 H,
1511 1541 1580 1593 40,
1618 1541 1658 1593 2,

214 1610 288 1653 ubi
318 1610 509 1665 πρότερον
539 1635 595 1641 -
625 1610 650 1666 ἦ
684 1611 738 1654 ad
776 1609 1045 1654 sententiam
1074 1608 1331 1666 negativam
1362 1624 1409 1653 se
1438 1610 1660 1668 adiungit:

210 1679 256 1719 οὐ
294 1679 387 1724 τοὺς
422 1680 563 1734 λόγους
597 1684 679 1725 τοῖς
713 1678 846 1735 ἔργοις
879 1679 1034 1735 βλάβην
1069 1678 1275 1734 ἡγούμενοι
1317 1679 1413 1720 ἀλλὰ
1444 1680 1498 1735 μὴ
1528 1681 1659 1736 προδι-

209 1749 399 1806 δαχθῆναι
443 1752 589 1805 μᾶλλον
633 1750 737 1806 λόγῳ
782 1750 973 1806 πρότερον
1017 1750 1040 1804 ἢ
1083 1749 1142 1790 ἐπὶ
1186 1749 1212 1789 ἃ
1256 1749 1326 1790 δεῖ
1366 1746 1475 1805 ἔργῳ
1521 1749 1661 1797 ἐλθεῖν,

212 1819 381 1864 Sensus
411 1826 481 1863 est
515 1821 607 1863 hic:
648 1834 740 1862 non
781 1820 918 1863 verba
944 1819 1074 1862 factis
1110 1819 1271 1862 damno
1307 1833 1403 1862 esse
1440 1819 1658 1873 arbitrati,

210 1878 288 1934 sed
316 1890 459 1934 multo
489 1890 782 1947 perniciosius
812 1890 909 1943 (scl.
936 1889 1162 1941 arbitrati)
1190 1904 1282 1933 non
1302 1889 1452 1934 verbis
1474 1889 1660 1944 edoceri,

209 1960 467 2016 priusquam
504 1960 603 2016 quis
648 1959 704 2002 ad
747 1974 842 2003 rem
886 1959 1128 2017 gerendam
1170 1973 1267 2002 sese
1311 1959 1572 2016 paravisset.
1608 1984 1658 1992 —-

207 2029 362 2072 Etiam
417 2029 499 2082 VI,
560 2027 629 2080 34,
689 2028 717 2071 4
774 2029 872 2072 loco
892 2044 901 2049 ·
928 2028 1124 2085 undique
1190 2033 1364 2072 tentato
1422 2028 1663 2074 formulam

208 2098 398 2154 npdrepov
433 2123 481 2128 -
515 2096 540 2152 ἤ
570 2111 672 2140 cum
699 2097 930 2142 infinitivo
962 2098 1261 2142 consociatam
1290 2097 1429 2141 latere
1467 2100 1661 2156 suspicio

207 2167 337 2211 facile
367 2167 543 2211 existet.
596 2167 651 2210 In
677 2167 902 2211 codicibus
931 2168 1146 2226 leguntur
1177 2167 1313 2213 verba
1342 2168 1468 2212 haec:
1500 2168 1546 2209 οὐ
1576 2171 1662 2225 περὶ

207 2241 254 2291 τῇ
283 2237 440 2292 Σικελίᾳ
467 2237 659 2293 πρότερον
688 2238 710 2277 ὁ
741 2237 847 2292 ἀγὼν
876 2235 987 2279 ἔσται
1017 2237 1040 2293 ἢ
1082 2238 1151 2279 τοῦ
1187 2237 1361 2283 ἐκείνους
1397 2239 1662 2295 περαιωθῆναι

207 2306 273 2346 τὸν
313 2305 464 2347 Ἰόνιον.
523 2305 723 2349 Dobraei
767 2307 1022 2352 coniectura
1065 2308 1153 2363 περὶ
1196 2311 1265 2363 τῆς
1300 2309 1488 2357 Σικελίας,
1527 2321 1663 2365 quam

210 2374 413 2419 Stahlius
458 2377 516 2419 in·
551 2381 728 2419 textum
773 2378 956 2433 recepit,v
1001 2378 1150 2421 locum
1191 2392 1283 2421 non
1319 2384 1526 2422 sanatum
1564 2393 1660 2422 esse

207 2448 328 2499 puto,
382 2450 620 2502 propterea
668 2445 785 2502 quod
829 2447 1156 2490 sententiarum
1203 2461 1399 2491 conexus
1444 2453 1658 2491 mutatur.

207 2513 409 2569 Namque
429 2520 534 2559 ante
564 2517 632 2556 τοῦ
653 2516 852 2572 suppleri
873 2516 976 2561 vult
994 2518 1094 2572 περί,
1125 2517 1190 2561 ita
1207 2522 1261 2561 ut
1281 2516 1326 2558 οὐ
1347 2518 1538 2573 πρότερον
1558 2543 1615 2550 -
1635 2517 1661 2572 ἢ

206 2583 298 2626 fere
312 2582 431 2628 idem
449 2585 596 2629 valeat
611 2599 660 2630 ac
677 2585 722 2627 οὐ
734 2587 879 2642 μᾶλλον
893 2611 952 2617 -
966 2584 1003 2642 ἤ.
1042 2586 1196 2644 Neque
1212 2587 1300 2645 ipsi
1315 2587 1428 2631 mihi
1442 2587 1659 2632 medelam

207 2653 311 2696 huic
341 2653 438 2696 loco
469 2655 628 2699 afferre
659 2657 861 2714 contigit.
913 2656 1059 2712 Quam
1078 2658 1267 2701 nuncin
1296 2658 1493 2702 medium
1513 2659 1658 2714 prola-

207 2728 334 2766 turus
364 2736 463 2765 sum
484 2724 843 2781 explicationem,
874 2740 971 2771 eam
995 2726 1259 2785 benignitati
1281 2726 1411 2771 Rich.
1432 2727 1658 2771 Foersteri

207 2798 430 2848 acceptam
460 2793 618 2847 refero,
650 2796 728 2851 qui
747 2810 875 2840 suam
902 2797 956 2840 de
986 2797 1070 2841 hoc
1090 2797 1188 2841 loco
1209 2798 1464 2854 opinionem
1484 2811 1656 2840 mecum

208 2862 568 2908 communicavit.
629 2864 757 2909 Nihil
787 2867 908 2912 enim
938 2871 1090 2911 censet
1118 2880 1216 2911 esse
1251 2866 1532 2920 mutandum3
1572 2867 1665 2922 περί
